2510 3898
284 269 367 318 nun.
385 271 478 319 mse.
500 271 622 319 xxxvr.
644 269 743 324 1213.
760 269 908 340 itt—19.)
1043 261 1096 322 121

91 428 194 490 inditis
211 425 247 487 ad
261 427 405 489 fallendos
429 445 568 488 occursus
589 428 824 509 redeundumque
845 430 875 488 in
896 447 1016 490 errores
1033 447 1100 490 eos·

91 513 169 575 dem.
209 511 359 574 Secundus
381 513 427 573 hic
442 513 496 573 fuit
511 513 547 572 ab
562 512 713 594 Aegyptio
730 513 928 592 labyrinthus,
945 516 1050 574 tertius
1068 517 1097 575 in
1108 525 1143 581 86

91 598 224 674 Lemno,
245 605 363 676 quartus
384 596 534 675 initalia,
562 617 663 658 omnes
691 598 789 679 lapide
815 598 910 677 polito
938 599 1099 660 fornicibus

92 684 185 759 tecti,
214 681 396 763 Aegyptius,
425 682 503 763 qnod
522 684 614 744 miror
635 684 787 763 equidem,
814 686 935 744 introitu
955 683 1060 762 lapidis
1081 703 1098 743 e

66 767 170 829 sParo
196 767 356 846 columnis,
379 768 493 848 reliqua
516 787 532 828 e
555 770 671 847 syenite
693 769 818 831 molibus
842 772 1005 849 conpositis
1027 787 1099 849 quas

90 852 261 914 dissolvere
286 872 323 913 ne
347 852 465 915 saecula
488 854 604 932 quidem
624 856 757 934 possint,
785 854 987 915 adiuvantibus
1010 852 1100 914 Hera·

90 936 266 1018 eleopolitis
275 982 284 1015 ,
301 938 379 1018 qnod
393 957 466 1018 opus
479 939 602 998 invisum
615 941 687 1000 mire
704 949 887 1020 spectavere.
919 941 1097 1019 positionem
1108 947 1142 1004 87

91 1025 197 1103 operis
215 1024 278 1084 eius
300 1023 489 1104 singulasque
508 1027 601 1102 partis
623 1043 761 1086 enarrare
777 1044 836 1086 non
853 1034 917 1102 est,
937 1042 1001 1085 cnm
1018 1025 1100 1084 sitin

89 1111 235 1186 regiones
268 1108 390 1169 divisum
416 1117 503 1187 atque
529 1109 730 1188 praefecturas
754 1126 825 1188 quas
851 1116 956 1188 uocant
984 1126 1100 1185 nomos,

55 1191 164 1253 roXXl
188 1192 352 1252 nominibus
380 1211 484 1256 eorum
513 1194 635 1254 totidem
659 1195 750 1255 vastis
781 1194 913 1254 domibus
941 1195 1099 1269 attributis,

89 1285 251 1357 praeterea
270 1277 377 1356 templa
395 1280 519 1339 omnium
536 1277 667 1358 Aegypti
682 1277 803 1340 deorum
824 1280 973 1340 contineat
997 1296 1099 1357 super·

89 1381 151 1441 que
172 1359 308 1423 Nemesis
327 1361 376 1422 xt
400 1362 541 1424 aediculis
560 1361 730 1441 incluserit,
755 1363 920 1444 pyramides
949 1362 1099 1442 conpluris

89 1446 343 1526 quadragenarum
357 1448 486 1509 ulnarum
497 1467 583 1509 senas
600 1448 698 1509 radice
714 1465 814 1508 aruras
832 1449 1001 1526 optinentis.
1026 1448 1098 1508 fessi

89 1535 151 1594 iam
165 1531 262 1593 eundo
287 1535 463 1613 perveniunt
484 1533 519 1594 ad
542 1535 652 1594 viarum
666 1531 747 1592 illum
762 1531 999 1612 inexplicabilem
1018 1549 1100 1592 erro·

58 1632 81 1672 rs
90 1636 171 1691 rem,
194 1619 263 1697 quin
285 1627 316 1678 et
340 1617 478 1680 cenacula
502 1617 586 1679 clivis
602 1616 739 1695 excelsa,
761 1619 892 1698 porticus
915 1635 1032 1697 quoque
1048 1616 1144 1680 dede

90 1703 272 1764 scenduntnr
295 1704 457 1782 nonagenis
479 1704 635 1782 gradibus,
657 1705 734 1764 intus
757 1702 909 1764 columnae
924 1701 1100 1782 porphyrite

90 1786 210 1866 lapide,
233 1787 354 1849 deorum
375 1788 543 1866 simulacra,
564 1806 668 1868 regum
689 1797 820 1865 statuae,
845 1787 1042 1849 monstrificae
1060 1787 1101 1847 ei·

90 1874 190 1952 figies.
227 1873 402 1952 quarundam
429 1872 561 1932 domuum
594 1874 667 1935 talis
683 1883 730 1934 est
755 1875 828 1934 situs
852 1882 884 1933 nt
906 1873 1100 1953 adaperienti·

91 1959 148 2018 bus
166 1958 249 2019 fores
265 1960 421 2019 tonitruum
437 1961 514 2019 intus
531 1957 666 2020 terribile
682 1961 816 2036 exsistat,
833 1961 944 2020 maiore
960 1967 1056 2018 autem
1071 1958 1100 2017 in

58 2051 178 2121 aparte
195 2044 333 2102 transitus
355 2051 402 2104 est
416 2051 480 2123 'per
495 2045 644 2105 tenebras.
678 2043 752 2105 aliae
770 2062 871 2104 rursus
889 2052 974 2104 extra
990 2060 1100 2102 murum

91 2127 249 2204 labyrinthi
272 2126 469 2189 aedificiorum
489 2128 601 2206 moles,
622 2138 729 2209 pteron
746 2128 903 2208 appellant.
940 2128 1009 2188 inde
1024 2127 1099 2187 aliae

91 2213 238 2293 perfossis
255 2213 395 2273 cuniculis
414 2213 622 2275 subterraneae
635 2215 745 2275 domus.
771 2214 879 2274 refecit
895 2232 968 2273 unns
981 2215 1097 2274 omnino
1108 2221 1143 2276 89

91 2316 184 2378 panea
202 2298 245 2358 ibi
261 2295 442 2360 Chaeremon
461 2299 552 2377 spado
567 2298 729 2360 Necthebis
747 2299 829 2376 regis
845 2296 871 2357 D
888 2307 955 2358 ante
974 2297 1101 2358 Alexan·

74 2383 174 2444 'drnm
191 2382 327 2462 blegnum
348 2386 437 2445 annis.
474 2383 504 2444 id
528 2401 645 2463 quoque
667 2382 807 2459 traditur,
829 2381 949 2443 fulsisse
969 2382 1100 2443 trabibus

6 2491 7 2508 ³
63 2473 198 2549 ttspinae
221 2469 291 2530 oleo
311 2471 463 2548 incoctae,
485 2468 551 2528 dnm
571 2470 701 2529 fornices
728 2466 860 2548 quadrati
881 2466 985 2546 lapidis
1002 2465 1100 2526 adsur-

6 2621 7 2626 ἵ
93 2562 208 2632 gerent.
239 2550 276 2613 Et
292 2552 329 2614 de
346 2551 465 2614 Gretico
480 2552 646 2630 labyrintho
663 2553 734 2612 satis
758 2552 864 2612 dictum
885 2560 939 2612 est.
978 2551 1023 2631 [3]
1043 2549 1143 2614 te-oo

6 2633 8 2694 l
93 2641 185 2699 unius
208 2637 311 2698 similis
325 2637 368 2698 illi
386 2638 526 2700 columnis
550 2647 657 2699 tantum
674 2646 789 2698 centnm
812 2638 1018 2717 quinquaginta
1041 2655 1100 2697 me·

92 2721 265 2784 morabilior
297 2723 373 2802 fuit,
408 2742 526 2802 quarum
555 2725 585 2783 in
620 2723 736 2783 officina
767 2722 900 2783 turbines
929 2724 969 2783 ita
1002 2721 1099 2783 librati

93 2807 298 2888 pependerunt
319 2816 350 2868 ut
371 2827 465 2888 puero
488 2810 704 2886 circumagente
720 2816 917 2872 tornarentnr,
947 2806 1100 2867 architecti

62 2892 172 2953 citium
186 2894 289 2955 fecere
304 2891 403 2954 Zmilis
419 2902 450 2954 et
462 2892 600 2954 Rhoecus
618 2902 649 2953 et
661 2892 836 2954 Theodorus
854 2891 1019 2969 indigenae.
1049 2908 1099 2951 ex·

94 2986 230 3057 stantque
252 2977 344 3039 adhuc
366 2978 509 3057 reliquiae
531 2980 611 3055 eius,
635 2996 699 3039 eum
722 2975 832 3038 Cretici
848 2974 1000 3054 Italicique
1022 2975 1101 3035 nulla

93 3065 220 3141 vestigia
247 3070 374 3124 exstent.
426 3063 470 3144 [4]
499 3062 629 3141 Namque
661 3072 691 3123 et
714 3061 845 3123 Italicum
874 3061 930 3120 dici
960 3063 1097 3121 convenit
1108 3072 1141 3127 91

94 3148 268 3228 quemfecit
283 3148 339 3210 sibi
355 3147 476 3209 Porsina
500 3167 554 3209 rex
569 3147 706 3208 Etruriae
722 3145 871 3225 sepulchri
889 3163 976 3206 causa
985 3189 994 3224 ,
1016 3146 1100 3206 simul

95 3241 124 3292 ut
144 3242 336 3294 externorum
356 3252 458 3312 regum
473 3235 583 3294 vanitas
605 3251 722 3312 quoque
742 3230 823 3292 Italis
847 3239 1012 3310 superetur.
1047 3231 1101 3291 sed

63 3334 157 3378 scum
180 3317 305 3379 excedat
327 3320 421 3379 omnia
443 3317 635 3393 fabulositas,
657 3325 771 3378 utemur
792 3317 884 3396 ipsius
902 3313 939 3375 ll.
956 3313 1100 3376 Varronis

94 3403 123 3463 in
144 3405 336 3484 expositione
360 3406 422 3466 eins
441 3403 559 3464 verbis:
589 3402 772 3482 Sepultus
799 3409 874 3478 est,
896 3402 1005 3478 inquit,
1033 3399 1099 3460 sub

94 3487 187 3549 urbe
213 3485 363 3566 Clusio,
386 3491 422 3548 in
448 3505 516 3568 quo
538 3488 629 3549 loco
655 3489 918 3548 monimentum
938 3485 1100 3562 reliquit

95 3571 223 3653 lapide
247 3573 426 3652 quadrato
451 3572 684 3653 quadratum,
717 3570 866 3650 singula
893 3569 1013 3630 latera
1037 3583 1101 3644 pe·
