2510 3898
194 203 201 212 ‘
257 221 336 272 nau.
360 207 910 294 nrsr.xxxvr.15—-1c.(2s—29.)
1034 209 1092 273 129

80 379 187 442 eadem
214 377 362 440 haematiti
392 386 493 440 natura
521 397 595 458 quae
622 379 761 457 magneti.
811 379 980 459 Aethiopici
1006 399 1092 460 argu·

80 473 212 526 mentum
246 472 292 524 est
323 463 401 544 quod
430 473 565 542 magneta
598 481 715 542 quoque
742 464 832 525 alium
858 465 893 525 ad
924 483 957 526 se
993 465 1089 526 trahit.

81 550 194 611 Omnes
214 557 310 609 autern
330 549 359 609 hi
379 549 530 610 oculorum
549 549 767 609 medicamentis
791 557 914 628 prosunt
934 550 969 611 ad
991 568 1071 611 suam
1083 561 1135 616 139

80 637 211 715 quisque
227 635 410 712 portionem,
426 651 618 713 maxumeque
634 632 792 713 epiphoras
807 636 920 695 sistunt.
943 643 1045 696 sanant
1060 643 1091 695 et

56 720 186 782 cadusta
211 720 330 779 cremati
351 720 478 798 tritique.
521 719 605 778 Alius
633 735 732 778 rursus
755 719 786 779 in
808 719 910 780 eadem
930 719 1091 798 Aethiopia

79 823 142 866 non
171 803 276 884 procul
301 821 384 864 mons
417 805 512 882 gignit
541 803 667 882 lapidem
694 803 866 865 theameden
900 807 949 884 qui
980 805 1090 865 ferrum

80 907 172 950 omne
193 889 287 968 abigit
313 889 496 968 respuitque.
541 889 578 950 de
597 896 720 968 utraque
742 896 843 949 natura
866 891 985 970 saepius
1007 889 1048 950 di·
1061 885 1132 972 {52¹

80 993 188 1035 ximus.
444 1013 446 1016 -

146 1059 231 1139 (26.)
253 1057 390 1138 Lapidem
406 1079 423 1120 e
436 1059 530 1136 Scyro
546 1057 640 1120 insula
654 1060 800 1137 integrum
816 1059 948 1121 iluctuari
963 1059 1088 1137 tradunt,

47 1163 71 1206 ro
81 1145 210 1208 eundern
227 1146 423 1205 comminutum
438 1146 542 1222 mergi.

150 1231 197 1292 17.
213 1228 297 1310 (27.)
315 1229 347 1289 ln
357 1229 436 1290 Asso
453 1228 575 1290 Troadis
592 1229 789 1309 sarcophagus
806 1231 881 1309 lapis
897 1229 979 1290 fissili
994 1246 1069 1290 vena
1082 1239 1129 1294 131

80 1314 235 1376 scinditur.
268 1331 393 1393 corpora
404 1314 606 1375 defunctorum
617 1313 733 1376 condita
750 1317 780 1375 in
795 1333 832 1377 eo
848 1315 960 1375 absumi
974 1322 1089 1374 constat

79 1402 159 1460 intra
180 1397 240 1460 XL.
264 1399 339 1460 diem
361 1401 496 1479 exceptis
517 1399 661 1460 dentibus.
707 1399 856 1461 Mucianus
877 1398 997 1478 specula
1018 1415 1088 1477 quo-

81 1502 140 1564 quc
164 1493 194 1546 et
215 1483 339 1562 strigilis
359 1491 390 1545 et
412 1486 501 1544 vestis
520 1492 550 1544 ct
569 1484 756 1545 calciamenta
770 1486 858 1546 inlata
874 1484 996 1545 mortuis
1018 1482 1090 1561 lapi-

49 1591 70 1630 rs
80 1569 137 1631 dea
153 1571 217 1631 heri
232 1577 335 1630 auctor
351 1577 405 1630 est.
438 1567 576 1630 Eiusdem
591 1571 712 1648 generis
736 1577 766 1631 et
787 1571 816 1630 in
834 1568 921 1646 Lycia
937 1585 1007 1628 saxa
1023 1576 1089 1627 sunt

81 1664 111 1716 et
137 1657 168 1716 in
197 1655 312 1716 oriente
339 1670 414 1734 quae
439 1655 606 1716 viventibus
638 1671 755 1734 quoque
780 1654 936 1742 adalligata
964 1652 1088 1714 erodunt

80 1758 218 1820 corpora.

147 1825 229 1905 (28.)
252 1823 386 1886 Mitiores
409 1832 504 1886 autem
528 1823 679 1885 servandis
707 1825 881 1905 corporibus
909 1843 964 1884 nec
983 1823 1131 1890 abso-132

81 1909 194 1972 mendis
210 1909 359 1971 chernites
378 1909 463 1970 ebori
482 1909 662 1988 simillimus,
686 1912 714 1969 in
734 1927 792 1990 quo
807 1909 925 1971 Darium
941 1910 1087 1971 conditum

48 1997 195 2074 referunt,
221 1993 367 2074 Parioque
392 1994 493 2056 similis
518 1993 645 2054 candore
667 2002 697 2054 et
720 1992 840 2072 duritia,
864 1995 957 2054 minus
978 2002 1087 2054 tantum

81 2080 285 2161 ponderosus,
303 2081 351 2159 qui
369 2097 458 2158 poros
477 2087 607 2140 vocator.
637 2077 858 2157 Theophrastus
875 2087 977 2140 auctor
993 2086 1040 2140 est
1058 2086 1088 2139 et

82 2163 216 2227 tralucidi
232 2165 337 2244 lapidis
354 2167 382 2224 in
396 2163 537 2244 Aegypto
553 2181 638 2243 quem
652 2161 725 2223 Chio
742 2162 864 2224 similem
877 2165 925 2224 ait.
950 2163 1087 2224 fortassis

82 2259 151 2311 tunc
163 2251 272 2326 fuerit,
287 2252 466 2329 quoniamst
481 2249 617 2310 desinunt
630 2256 660 2309 et
676 2249 744 2308 novi
759 2250 954 2328 reperiuntur.
981 2249 1087 2308 Assius

82 2343 200 2414 gustatu
215 2335 309 2395 salsus
326 2334 473 2414 podagras
490 2334 578 2412 lenit,
598 2332 722 2413 pedibus
737 2333 766 2392 in
782 2350 834 2392 vas
849 2352 886 2392 ex
904 2350 942 2393 eo
958 2341 1088 2393 cavatum

52 2420 193 2481 cruditis.
224 2429 378 2500 praeterea
395 2419 490 2482 omnia
503 2437 617 2481 crurum
630 2419 701 2478 vitia
715 2418 744 2477 in
758 2419 794 2478 iis
809 2416 971 2495 lapicidinis
986 2435 1087 2478 sanan·

83 2515 141 2584 tur,
155 2523 220 2566 curn
235 2507 265 2566 in
278 2504 403 2566 metallis
416 2505 549 2578 omnibus
566 2519 650 2564 crura
663 2502 813 2562 vitientur.
843 2499 981 2563 Eiusdem
995 2501 1066 2582 lapi·
1080 2513 1131 2568 133

83 2590 126 2650 dis
150 2589 206 2650 iios
230 2590 395 2670 appellatur
416 2591 447 2651 in
466 2590 587 2650 larinum
609 2585 724 2665 mollis,
747 2586 781 2648 ad
804 2587 943 2666 quaedam
963 2586 1085 2667 perinde

83 2676 196 2736 ellioax.
232 2684 279 2736 est
297 2683 391 2736 autern
415 2675 518 2736 similis
539 2675 645 2754 pumici
663 2672 738 2734 rulo.
773 2672 915 2734 admixtus
931 2691 1016 2734 cerae
1032 2670 1086 2751 Gy·

84 2763 164 2840 priae
178 2778 360 2821 mammarum
387 2762 457 2821 vitia
473 2767 571 2836 sanat,
591 2761 661 2838 picti
680 2768 774 2820 autem
796 2759 951 2819 resinaeve
963 2766 1086 2819 strumas

52 2855 114 2906 teet
137 2863 230 2925 panos
254 2846 379 2909 discutit.
404 2845 525 2925 prodest
548 2851 580 2905 et
600 2842 752 2923 phthisicis
774 2842 873 2904 linctu.
916 2861 979 2902 cum
999 2841 1086 2902 melle

84 2939 186 2992 vetera
209 2930 309 2990 ulcera
330 2929 364 2990 ad
390 2932 543 2991 cicatrices
567 2929 716 3007 perducit,
745 2928 948 2988 excrescentia
978 2925 1086 2996 erodit.

85 3024 113 3076 et
136 3013 329 3076 abestiarum
349 3029 446 3071 morsu
469 3013 659 3090 repugnantia
685 3013 826 3072 curationi
844 3019 1002 3090 suppurata
1023 3010 1078 3070 sic·

56 3110 137 3161 cat.
189 3099 222 3159 iit
248 3094 420 3175 cataplasma
454 3111 492 3154 ex
523 3111 560 3156 co
595 3095 763 3174 podagricis
795 3096 885 3156 mixto
918 3095 1002 3157 fabae
1035 3094 1078 3159 lo

81 3194 188 3246 mento.

51 3288 73 3330 as
144 3270 194 3332 18.
219 3271 302 3350 (29.)
322 3271 401 3334 Idem
417 3271 639 3352 Theophrastus
656 3280 686 3332 et
701 3270 849 3334 Mucianus
866 3293 935 3336 esse
951 3275 1065 3354 aliquos
1076 3285 1128 3344 134

82 3353 192 3433 lapides
218 3357 266 3436 qui
289 3358 401 3434 pariant
422 3357 555 3419 credunt.
596 3356 816 3436 Theophrastus
840 3368 870 3420 et
892 3359 965 3420 ebur
979 3361 1084 3422 fossile

82 3439 202 3502 candido
219 3449 250 3502 et
266 3442 351 3520 nigro
368 3442 471 3504 colore
487 3443 612 3503 inveniri
629 3451 659 3504 et
676 3458 743 3503 ossa
760 3451 868 3504 eterra
880 3445 960 3505 nasci
975 3447 1085 3506 iuveni·

80 3524 163 3605 rique
180 3525 293 3607 lapides
311 3544 425 3589 osseos.
448 3526 568 3589 Palmati
584 3529 660 3589 circa
676 3526 808 3590 blandam
826 3531 855 3588 in
870 3527 1018 3608 Hispania,
1035 3529 1083 3590 uhi

119 3626 199 3672 rcrnr
217 3627 287 3675 una.
309 3629 386 3675 nrsr.
405 3615 443 3672 V.
902 3615 921 3672 9
