<?xml version="1.0" encoding="UTF-8"?>
<!DOCTYPE html PUBLIC "-//W3C//DTD XHTML 1.0 Transitional//EN"
    "http://www.w3.org/TR/xhtml1/DTD/xhtml1-transitional.dtd">
<html xmlns="http://www.w3.org/1999/xhtml" xml:lang="en" lang="en">
 <head>
  <title>
</title>
<meta http-equiv="Content-Type" content="text/html;charset=utf-8" />
  <meta name='ocr-system' content='tesseract 3.04.00' />
  <meta name='ocr-capabilities' content='ocr_page ocr_carea ocr_par ocr_line ocrx_word'/>
</head>
<body>
  <div class='ocr_page' id='page_1' title='image "./naturalishistor01plingoog/naturalishistor01plingoog_0118.png"; bbox 0 0 2468 3896; ppageno 0'>
   <div class='ocr_carea' id='block_1_1' title="bbox 182 272 822 329">
    <p class='ocr_par' dir='ltr' id='par_1_1' title="bbox 182 272 822 329">
     <span class='ocr_line' id='line_1_1' title="bbox 182 272 822 329; baseline -0.005 0"><span class='ocrx_word' id='word_1_1' title='bbox 182 272 200 329; x_wconf 88' lang='grc'>4</span> <span class='ocrx_word' id='word_1_2' title='bbox 505 280 534 327; x_wconf 83' lang='lat' dir='ltr'><strong>C.</strong></span> <span class='ocrx_word' id='word_1_3' title='bbox 557 277 653 324; x_wconf 85' lang='lat' dir='ltr'><strong>PLINI</strong></span> <span class='ocrx_word' id='word_1_4' title='bbox 674 276 822 326; x_wconf 75' lang='lat' dir='ltr'>SECUNDI</span> 
     </span>
    </p>
   </div>
   <div class='ocr_carea' id='block_1_2' title="bbox 140 432 1233 3230">
    <p class='ocr_par' dir='ltr' id='par_1_2' title="bbox 156 432 1233 1018">
     <span class='ocr_line' id='line_1_2' title="bbox 183 432 1196 515; baseline 0.001 -20"><span class='ocrx_word' id='word_1_5' title='bbox 183 438 379 513; x_wconf 87' lang='lat' dir='ltr'><strong>inritamenta,</strong></span> <span class='ocrx_word' id='word_1_6' title='bbox 395 438 424 496; x_wconf 91' lang='lat' dir='ltr'><strong>in</strong></span> <span class='ocrx_word' id='word_1_7' title='bbox 439 435 551 515; x_wconf 90' lang='lat' dir='ltr'><strong>poculis</strong></span> <span class='ocrx_word' id='word_1_8' title='bbox 567 433 702 492; x_wconf 81' lang='lat' dir='ltr'><strong>libidines</strong></span> <span class='ocrx_word' id='word_1_9' title='bbox 720 432 835 493; x_wconf 91' lang='lat' dir='ltr'><strong>caelare</strong></span> <span class='ocrx_word' id='word_1_10' title='bbox 852 432 923 492; x_wconf 91' lang='lat' dir='ltr'><strong>iuvit</strong></span> <span class='ocrx_word' id='word_1_11' title='bbox 944 451 976 492; x_wconf 90' lang='lat' dir='ltr'><strong>ac</strong></span> <span class='ocrx_word' id='word_1_12' title='bbox 1001 451 1054 513; x_wconf 95' lang='lat' dir='ltr'><strong>per</strong></span> <span class='ocrx_word' id='word_1_13' title='bbox 1075 435 1196 497; x_wconf 90' lang='lat' dir='ltr'><strong>obsce-</strong></span> 
     </span>
     <span class='ocr_line' id='line_1_3' title="bbox 156 516 1195 599; baseline -0.001 -16"><span class='ocrx_word' id='word_1_14' title='bbox 156 522 289 586; x_wconf 81' lang='lat' dir='ltr'><strong>5nitates</strong></span> <span class='ocrx_word' id='word_1_15' title='bbox 306 522 420 580; x_wconf 89' lang='lat' dir='ltr'><strong>bibere.</strong></span> <span class='ocrx_word' id='word_1_16' title='bbox 442 520 555 580; x_wconf 89' lang='lat' dir='ltr'><strong>abiecta</strong></span> <span class='ocrx_word' id='word_1_17' title='bbox 572 516 677 577; x_wconf 88' lang='lat' dir='ltr'><strong>deinde</strong></span> <span class='ocrx_word' id='word_1_18' title='bbox 690 525 756 578; x_wconf 88' lang='lat' dir='ltr'><strong>sunt</strong></span> <span class='ocrx_word' id='word_1_19' title='bbox 768 516 839 578; x_wconf 89' lang='lat' dir='ltr'><strong>haec</strong></span> <span class='ocrx_word' id='word_1_20' title='bbox 852 525 882 577; x_wconf 90' lang='lat' dir='ltr'><strong>et</strong></span> <span class='ocrx_word' id='word_1_21' title='bbox 898 517 1020 578; x_wconf 89' lang='lat' dir='ltr'><strong>sordere</strong></span> <span class='ocrx_word' id='word_1_22' title='bbox 1036 536 1195 599; x_wconf 88' lang='lat' dir='ltr'><strong>coepere,</strong></span> 
     </span>
     <span class='ocr_line' id='line_1_4' title="bbox 182 601 1195 682; baseline 0 -17"><span class='ocrx_word' id='word_1_23' title='bbox 182 613 212 665; x_wconf 89' lang='lat' dir='ltr'><strong>ct</strong></span> <span class='ocrx_word' id='word_1_24' title='bbox 229 607 289 664; x_wconf 91' lang='lat' dir='ltr'><strong>auri</strong></span> <span class='ocrx_word' id='word_1_25' title='bbox 308 607 478 682; x_wconf 77' lang='lat' dir='ltr'><strong>argentique</strong></span> <span class='ocrx_word' id='word_1_26' title='bbox 495 605 610 663; x_wconf 93' lang='lat' dir='ltr'><strong>nimium</strong></span> <span class='ocrx_word' id='word_1_27' title='bbox 624 601 684 660; x_wconf 89' lang='lat' dir='ltr'><strong>luit.</strong></span> <span class='ocrx_word' id='word_1_28' title='bbox 716 603 840 660; x_wconf 90' lang='lat' dir='ltr'><strong>murrina</strong></span> <span class='ocrx_word' id='word_1_29' title='bbox 858 620 896 661; x_wconf 84' lang='lat' dir='ltr'><strong>en</strong></span> <span class='ocrx_word' id='word_1_30' title='bbox 909 601 1010 662; x_wconf 89' lang='lat' dir='ltr'><strong>eadem</strong></span> <span class='ocrx_word' id='word_1_31' title='bbox 1025 602 1137 664; x_wconf 89' lang='lat' dir='ltr'><strong>tellure</strong></span> <span class='ocrx_word' id='word_1_32' title='bbox 1158 615 1195 665; x_wconf 89' lang='lat' dir='ltr'><strong>et</strong></span> 
     </span>
     <span class='ocr_line' id='line_1_5' title="bbox 182 686 1193 768; baseline 0 -20"><span class='ocrx_word' id='word_1_33' title='bbox 182 689 347 766; x_wconf 83' lang='lat' dir='ltr'><strong>crystallina</strong></span> <span class='ocrx_word' id='word_1_34' title='bbox 370 688 521 750; x_wconf 83' lang='lat' dir='ltr'><strong>effodimus</strong></span> <span class='ocrx_word' id='word_1_35' title='bbox 543 687 647 768; x_wconf 86' lang='lat' dir='ltr'><strong>quibus</strong></span> <span class='ocrx_word' id='word_1_36' title='bbox 669 687 791 763; x_wconf 85' lang='lat' dir='ltr'><strong>pretium</strong></span> <span class='ocrx_word' id='word_1_37' title='bbox 819 686 930 746; x_wconf 86' lang='lat' dir='ltr'><strong>laceret</strong></span> <span class='ocrx_word' id='word_1_38' title='bbox 946 687 1009 764; x_wconf 88' lang='lat' dir='ltr'><strong>ipsa</strong></span> <span class='ocrx_word' id='word_1_39' title='bbox 1024 687 1193 764; x_wconf 79' lang='lat' dir='ltr'><strong>fragilitas.</strong></span> 
     </span>
     <span class='ocr_line' id='line_1_6' title="bbox 181 768 1233 851; baseline 0.002 -19"><span class='ocrx_word' id='word_1_40' title='bbox 181 774 237 832; x_wconf 91' lang='lat' dir='ltr'><strong>boc</strong></span> <span class='ocrx_word' id='word_1_41' title='bbox 261 781 458 849; x_wconf 79' lang='lat' dir='ltr'><strong>argumentum</strong></span> <span class='ocrx_word' id='word_1_42' title='bbox 480 790 583 851; x_wconf 92' lang='lat' dir='ltr'><strong>opum,</strong></span> <span class='ocrx_word' id='word_1_43' title='bbox 612 769 684 829; x_wconf 86' lang='lat' dir='ltr'><strong>baec</strong></span> <span class='ocrx_word' id='word_1_44' title='bbox 708 787 778 829; x_wconf 90' lang='lat' dir='ltr'><strong>vera</strong></span> <span class='ocrx_word' id='word_1_45' title='bbox 799 768 928 829; x_wconf 83' lang='lat' dir='ltr'><strong>luxuriae</strong></span> <span class='ocrx_word' id='word_1_46' title='bbox 954 769 1049 846; x_wconf 87' lang='lat' dir='ltr'><strong>gloria</strong></span> <span class='ocrx_word' id='word_1_47' title='bbox 1077 775 1195 833; x_wconf 85' lang='lat' dir='ltr'><strong>existi·</strong></span> <span class='ocrx_word' id='word_1_48' title='bbox 1210 794 1233 834; x_wconf 73' lang='lat'>⁵</span> 
     </span>
     <span class='ocr_line' id='line_1_7' title="bbox 181 855 1195 934; baseline 0.003 -19"><span class='ocrx_word' id='word_1_49' title='bbox 181 866 256 917; x_wconf 88' lang='lat' dir='ltr'><strong>mata</strong></span> <span class='ocrx_word' id='word_1_50' title='bbox 275 865 338 932; x_wconf 85' lang='lat' dir='ltr'><strong>est,</strong></span> <span class='ocrx_word' id='word_1_51' title='bbox 353 855 462 917; x_wconf 92' lang='lat' dir='ltr'><strong>habere</strong></span> <span class='ocrx_word' id='word_1_52' title='bbox 478 855 554 934; x_wconf 94' lang='lat' dir='ltr'><strong>quod</strong></span> <span class='ocrx_word' id='word_1_53' title='bbox 568 863 671 934; x_wconf 89' lang='lat' dir='ltr'><strong>posset</strong></span> <span class='ocrx_word' id='word_1_54' title='bbox 688 856 782 913; x_wconf 88' lang='lat' dir='ltr'><strong>statim</strong></span> <span class='ocrx_word' id='word_1_55' title='bbox 798 855 896 932; x_wconf 90' lang='lat' dir='ltr'><strong>perire</strong></span> <span class='ocrx_word' id='word_1_56' title='bbox 915 862 1014 914; x_wconf 91' lang='lat' dir='ltr'><strong>totum.</strong></span> <span class='ocrx_word' id='word_1_57' title='bbox 1050 874 1107 915; x_wconf 90' lang='lat' dir='ltr'><strong>nec</strong></span> <span class='ocrx_word' id='word_1_58' title='bbox 1123 856 1195 918; x_wconf 91' lang='lat' dir='ltr'><strong>boc</strong></span> 
     </span>
     <span class='ocr_line' id='line_1_8' title="bbox 181 939 1193 1018; baseline 0.002 -18"><span class='ocrx_word' id='word_1_59' title='bbox 181 941 234 1000; x_wconf 86' lang='lat' dir='ltr'><strong>luit</strong></span> <span class='ocrx_word' id='word_1_60' title='bbox 255 941 342 1016; x_wconf 88' lang='lat' dir='ltr'><strong>satis,</strong></span> <span class='ocrx_word' id='word_1_61' title='bbox 366 941 449 1000; x_wconf 89' lang='lat' dir='ltr'><strong>turba</strong></span> <span class='ocrx_word' id='word_1_62' title='bbox 475 957 648 1018; x_wconf 86' lang='lat' dir='ltr'><strong>gemmarum</strong></span> <span class='ocrx_word' id='word_1_63' title='bbox 670 946 802 1016; x_wconf 90' lang='lat' dir='ltr'><strong>potamus</strong></span> <span class='ocrx_word' id='word_1_64' title='bbox 823 946 853 997; x_wconf 89' lang='lat' dir='ltr'><strong>et</strong></span> <span class='ocrx_word' id='word_1_65' title='bbox 875 939 1033 1015; x_wconf 83' lang='lat' dir='ltr'><strong>zmaragdis</strong></span> <span class='ocrx_word' id='word_1_66' title='bbox 1053 943 1193 1002; x_wconf 87' lang='lat' dir='ltr'><strong>teximus</strong></span> 
     </span>
    </p>

    <p class='ocr_par' dir='ltr' id='par_1_3' title="bbox 140 1018 1194 1172">
     <span class='ocr_line' id='line_1_9' title="bbox 140 1018 1194 1101; baseline 0.002 -17"><span class='ocrx_word' id='word_1_67' title='bbox 140 1040 145 1049; x_wconf 88' lang='lat'><em>·</em></span> <span class='ocrx_word' id='word_1_68' title='bbox 181 1024 306 1101; x_wconf 91' lang='lat' dir='ltr'><strong>calices,</strong></span> <span class='ocrx_word' id='word_1_69' title='bbox 322 1043 354 1084; x_wconf 88' lang='lat' dir='ltr'><strong>ao</strong></span> <span class='ocrx_word' id='word_1_70' title='bbox 373 1024 557 1084; x_wconf 82' lang='lat' dir='ltr'><strong>temulentiae</strong></span> <span class='ocrx_word' id='word_1_71' title='bbox 574 1041 659 1083; x_wconf 89' lang='lat' dir='ltr'><strong>causa</strong></span> <span class='ocrx_word' id='word_1_72' title='bbox 674 1018 777 1083; x_wconf 79' lang='lat' dir='ltr'><strong>tenere</strong></span> <span class='ocrx_word' id='word_1_73' title='bbox 796 1020 902 1082; x_wconf 89' lang='lat' dir='ltr'><strong>Indiam</strong></span> <span class='ocrx_word' id='word_1_74' title='bbox 915 1024 1009 1099; x_wconf 89' lang='lat' dir='ltr'><strong>iuvat,</strong></span> <span class='ocrx_word' id='word_1_75' title='bbox 1033 1031 1064 1083; x_wconf 88' lang='lat' dir='ltr'><strong>ct</strong></span> <span class='ocrx_word' id='word_1_76' title='bbox 1079 1041 1194 1086; x_wconf 89' lang='lat' dir='ltr'><strong>aurum</strong></span> 
     </span>
     <span class='ocr_line' id='line_1_10' title="bbox 181 1110 452 1172; baseline 0.004 -5"><span class='ocrx_word' id='word_1_77' title='bbox 181 1111 235 1168; x_wconf 89' lang='lat' dir='ltr'><strong>iam</strong></span> <span class='ocrx_word' id='word_1_78' title='bbox 251 1110 381 1172; x_wconf 77' lang='lat' dir='ltr'><strong>accessio</strong></span> <span class='ocrx_word' id='word_1_79' title='bbox 398 1118 452 1168; x_wconf 89' lang='lat' dir='ltr'><strong>cst.</strong></span> 
     </span>
    </p>

    <p class='ocr_par' dir='ltr' id='par_1_4' title="bbox 154 1190 1226 1606">
     <span class='ocr_line' id='line_1_11' title="bbox 154 1190 1226 1272; baseline 0.003 -20"><span class='ocrx_word' id='word_1_80' title='bbox 154 1205 170 1258; x_wconf 83' lang='lat'><strong>6</strong></span> <span class='ocrx_word' id='word_1_81' title='bbox 246 1191 314 1272; x_wconf 83' lang='lat' dir='ltr'><strong>Gap.</strong></span> <span class='ocrx_word' id='word_1_82' title='bbox 334 1196 360 1254; x_wconf 87' lang='lat'><strong>1.</strong></span> <span class='ocrx_word' id='word_1_83' title='bbox 391 1193 453 1272; x_wconf 84' lang='lat'>(3.)</span> <span class='ocrx_word' id='word_1_84' title='bbox 476 1191 648 1269; x_wconf 90' lang='lat' dir='ltr'><strong>Utinamque</strong></span> <span class='ocrx_word' id='word_1_85' title='bbox 663 1199 765 1270; x_wconf 89' lang='lat' dir='ltr'><strong>posset</strong></span> <span class='ocrx_word' id='word_1_86' title='bbox 788 1209 804 1252; x_wconf 92' lang='lat' dir='ltr'><strong>e</strong></span> <span class='ocrx_word' id='word_1_87' title='bbox 825 1191 930 1250; x_wconf 91' lang='lat' dir='ltr'><strong>vitain</strong></span> <span class='ocrx_word' id='word_1_88' title='bbox 945 1199 1033 1250; x_wconf 90' lang='lat' dir='ltr'><strong>totum</strong></span> <span class='ocrx_word' id='word_1_89' title='bbox 1049 1190 1192 1254; x_wconf 88' lang='lat' dir='ltr'><strong>abdicari</strong></span> <span class='ocrx_word' id='word_1_90' title='bbox 1210 1215 1226 1254; x_wconf 86' lang='grc' dir='ltr'>ι</span> 
     </span>
     <span class='ocr_line' id='line_1_12' title="bbox 181 1275 1194 1354; baseline 0.002 -18"><span class='ocrx_word' id='word_1_91' title='bbox 181 1295 292 1337; x_wconf 90' lang='lat' dir='ltr'><strong>sacrum</strong></span> <span class='ocrx_word' id='word_1_92' title='bbox 314 1278 406 1354; x_wconf 89' lang='lat' dir='ltr'><strong>fame,</strong></span> <span class='ocrx_word' id='word_1_93' title='bbox 429 1285 459 1335; x_wconf 90' lang='lat' dir='ltr'><strong>ut</strong></span> <span class='ocrx_word' id='word_1_94' title='bbox 483 1276 667 1338; x_wconf 82' lang='lat' dir='ltr'><strong>celeberrimi</strong></span> <span class='ocrx_word' id='word_1_95' title='bbox 696 1283 832 1347; x_wconf 83' lang='lat' dir='ltr'><strong>auctores</strong></span> <span class='ocrx_word' id='word_1_96' title='bbox 852 1275 970 1351; x_wconf 80' lang='lat' dir='ltr'><strong>dixere,</strong></span> <span class='ocrx_word' id='word_1_97' title='bbox 1000 1277 1194 1354; x_wconf 91' lang='lat' dir='ltr'><strong>proscissum</strong></span> 
     </span>
     <span class='ocr_line' id='line_1_13' title="bbox 182 1357 1195 1440; baseline 0.003 -20"><span class='ocrx_word' id='word_1_98' title='bbox 182 1363 322 1422; x_wconf 88' lang='lat' dir='ltr'><strong>conuiciis</strong></span> <span class='ocrx_word' id='word_1_99' title='bbox 339 1361 376 1422; x_wconf 90' lang='lat' dir='ltr'><strong>ab</strong></span> <span class='ocrx_word' id='word_1_100' title='bbox 392 1363 516 1440; x_wconf 88' lang='lat' dir='ltr'><strong>optumis</strong></span> <span class='ocrx_word' id='word_1_101' title='bbox 533 1360 695 1438; x_wconf 85' lang='lat' dir='ltr'><strong>quibusque</strong></span> <span class='ocrx_word' id='word_1_102' title='bbox 715 1368 745 1418; x_wconf 90' lang='lat' dir='ltr'><strong>et</strong></span> <span class='ocrx_word' id='word_1_103' title='bbox 763 1357 798 1420; x_wconf 85' lang='lat' dir='ltr'><strong>ad</strong></span> <span class='ocrx_word' id='word_1_104' title='bbox 812 1359 971 1437; x_wconf 89' lang='lat' dir='ltr'><strong>pernicicm</strong></span> <span class='ocrx_word' id='word_1_105' title='bbox 985 1361 1061 1418; x_wconf 88' lang='lat' dir='ltr'><strong>uitae</strong></span> <span class='ocrx_word' id='word_1_106' title='bbox 1076 1378 1195 1439; x_wconf 89' lang='lat' dir='ltr'><strong>reper-</strong></span> 
     </span>
     <span class='ocr_line' id='line_1_14' title="bbox 182 1442 1194 1523; baseline 0.004 -20"><span class='ocrx_word' id='word_1_107' title='bbox 182 1453 257 1522; x_wconf 91' lang='lat' dir='ltr'><strong>tum,</strong></span> <span class='ocrx_word' id='word_1_108' title='bbox 287 1455 393 1523; x_wconf 87' lang='lat' dir='ltr'><strong>quanto</strong></span> <span class='ocrx_word' id='word_1_109' title='bbox 418 1445 552 1505; x_wconf 87' lang='lat' dir='ltr'><strong>feliciora</strong></span> <span class='ocrx_word' id='word_1_110' title='bbox 579 1462 653 1505; x_wconf 88' lang='lat' dir='ltr'><strong>aevo</strong></span> <span class='ocrx_word' id='word_1_111' title='bbox 677 1462 739 1504; x_wconf 93' lang='lat' dir='ltr'><strong>cum</strong></span> <span class='ocrx_word' id='word_1_112' title='bbox 763 1461 812 1504; x_wconf 91' lang='lat' dir='ltr'><strong>res</strong></span> <span class='ocrx_word' id='word_1_113' title='bbox 835 1444 916 1522; x_wconf 86' lang='lat' dir='ltr'><strong>ipsae</strong></span> <span class='ocrx_word' id='word_1_114' title='bbox 940 1442 1194 1522; x_wconf 85' lang='lat' dir='ltr'><strong>permutabantur</strong></span> 
     </span>
     <span class='ocr_line' id='line_1_15' title="bbox 181 1525 1192 1606; baseline 0.003 -18"><span class='ocrx_word' id='word_1_115' title='bbox 181 1530 258 1590; x_wconf 90' lang='lat' dir='ltr'><strong>inter</strong></span> <span class='ocrx_word' id='word_1_116' title='bbox 273 1549 358 1606; x_wconf 89' lang='lat' dir='ltr'><strong>sese,</strong></span> <span class='ocrx_word' id='word_1_117' title='bbox 375 1532 450 1590; x_wconf 89' lang='lat' dir='ltr'><strong>sicut</strong></span> <span class='ocrx_word' id='word_1_118' title='bbox 466 1539 496 1590; x_wconf 90' lang='lat' dir='ltr'><strong>et</strong></span> <span class='ocrx_word' id='word_1_119' title='bbox 513 1527 646 1590; x_wconf 80' lang='lat' dir='ltr'><strong>Troianis</strong></span> <span class='ocrx_word' id='word_1_120' title='bbox 670 1526 849 1606; x_wconf 90' lang='lat' dir='ltr'><strong>temporibus</strong></span> <span class='ocrx_word' id='word_1_121' title='bbox 875 1528 1033 1588; x_wconf 79' lang='lat' dir='ltr'><strong>factitatum</strong></span> <span class='ocrx_word' id='word_1_122' title='bbox 1047 1525 1192 1591; x_wconf 91' lang='lat' dir='ltr'><strong>Homero</strong></span> 
     </span>
    </p>

    <p class='ocr_par' dir='ltr' id='par_1_5' title="bbox 155 1612 1233 2174">
     <span class='ocr_line' id='line_1_16' title="bbox 155 1612 1222 1690; baseline 0.003 -16"><span class='ocrx_word' id='word_1_123' title='bbox 155 1613 262 1674; x_wconf 79' lang='lat' dir='ltr'><strong>toredi</strong></span> <span class='ocrx_word' id='word_1_124' title='bbox 279 1615 431 1674; x_wconf 88' lang='lat' dir='ltr'><strong>convenit!</strong></span> <span class='ocrx_word' id='word_1_125' title='bbox 452 1614 493 1674; x_wconf 91' lang='lat' dir='ltr'><strong>ita</strong></span> <span class='ocrx_word' id='word_1_126' title='bbox 509 1615 602 1690; x_wconf 89' lang='lat' dir='ltr'><strong>enim,</strong></span> <span class='ocrx_word' id='word_1_127' title='bbox 619 1621 650 1672; x_wconf 91' lang='lat' dir='ltr'><strong>ut</strong></span> <span class='ocrx_word' id='word_1_128' title='bbox 669 1615 789 1690; x_wconf 86' lang='lat' dir='ltr'><strong>opinor,</strong></span> <span class='ocrx_word' id='word_1_129' title='bbox 806 1612 970 1673; x_wconf 85' lang='lat' dir='ltr'><strong>conmercia</strong></span> <span class='ocrx_word' id='word_1_130' title='bbox 980 1613 1070 1671; x_wconf 89' lang='lat' dir='ltr'><strong>victus</strong></span> <span class='ocrx_word' id='word_1_131' title='bbox 1083 1616 1193 1689; x_wconf 84' lang='lat' dir='ltr'><strong>gratia</strong></span> <span class='ocrx_word' id='word_1_132' title='bbox 1210 1637 1222 1677; x_wconf 82' lang='grc' dir='ltr'>ι</span> 
     </span>
     <span class='ocr_line' id='line_1_17' title="bbox 180 1696 1192 1776; baseline 0.003 -21"><span class='ocrx_word' id='word_1_133' title='bbox 180 1698 303 1756; x_wconf 75' lang='lat' dir='ltr'><strong>invecta,</strong></span> <span class='ocrx_word' id='word_1_134' title='bbox 337 1697 411 1758; x_wconf 89' lang='lat' dir='ltr'><strong>alios</strong></span> <span class='ocrx_word' id='word_1_135' title='bbox 434 1698 522 1760; x_wconf 89' lang='lat' dir='ltr'><strong>coriis</strong></span> <span class='ocrx_word' id='word_1_136' title='bbox 545 1697 648 1773; x_wconf 91' lang='lat' dir='ltr'><strong>boum,</strong></span> <span class='ocrx_word' id='word_1_137' title='bbox 678 1696 750 1756; x_wconf 90' lang='lat' dir='ltr'><strong>alios</strong></span> <span class='ocrx_word' id='word_1_138' title='bbox 775 1696 855 1758; x_wconf 84' lang='lat' dir='ltr'><strong>ferro</strong></span> <span class='ocrx_word' id='word_1_139' title='bbox 880 1696 1059 1776; x_wconf 89' lang='lat' dir='ltr'><strong>captivisque</strong></span> <span class='ocrx_word' id='word_1_140' title='bbox 1087 1697 1192 1758; x_wconf 92' lang='lat' dir='ltr'><strong>rebus</strong></span> 
     </span>
     <span class='ocr_line' id='line_1_18' title="bbox 182 1779 1193 1859; baseline 0.004 -21"><span class='ocrx_word' id='word_1_141' title='bbox 182 1782 350 1857; x_wconf 87' lang='lat' dir='ltr'><strong>emptitasse</strong></span> <span class='ocrx_word' id='word_1_142' title='bbox 368 1780 473 1856; x_wconf 84' lang='lat' dir='ltr'><strong>tradit,</strong></span> <span class='ocrx_word' id='word_1_143' title='bbox 494 1797 662 1859; x_wconf 89' lang='lat' dir='ltr'><strong>quamquam</strong></span> <span class='ocrx_word' id='word_1_144' title='bbox 674 1781 741 1858; x_wconf 86' lang='lat' dir='ltr'><strong>ipse</strong></span> <span class='ocrx_word' id='word_1_145' title='bbox 757 1781 813 1839; x_wconf 91' lang='lat' dir='ltr'><strong>iam</strong></span> <span class='ocrx_word' id='word_1_146' title='bbox 824 1781 950 1856; x_wconf 89' lang='lat' dir='ltr'><strong>mirator</strong></span> <span class='ocrx_word' id='word_1_147' title='bbox 965 1779 1024 1840; x_wconf 92' lang='lat' dir='ltr'><strong>anri</strong></span> <span class='ocrx_word' id='word_1_148' title='bbox 1043 1781 1193 1842; x_wconf 89' lang='lat' dir='ltr'><strong>aestima·</strong></span> 
     </span>
     <span class='ocr_line' id='line_1_19' title="bbox 181 1861 1191 1942; baseline 0.006 -20"><span class='ocrx_word' id='word_1_149' title='bbox 181 1864 278 1924; x_wconf 86' lang='lat' dir='ltr'><strong>tiones</strong></span> <span class='ocrx_word' id='word_1_150' title='bbox 300 1882 395 1924; x_wconf 92' lang='lat' dir='ltr'><strong>rerum</strong></span> <span class='ocrx_word' id='word_1_151' title='bbox 420 1866 460 1926; x_wconf 92' lang='lat' dir='ltr'><strong>ita</strong></span> <span class='ocrx_word' id='word_1_152' title='bbox 481 1865 556 1924; x_wconf 84' lang='lat' dir='ltr'><strong>iecit.</strong></span> <span class='ocrx_word' id='word_1_153' title='bbox 574 1873 605 1936; x_wconf 88' lang='lat' dir='ltr'><strong>qt</strong></span> <span class='ocrx_word' id='word_1_154' title='bbox 627 1861 649 1924; x_wconf 82' lang='lat'>0</span> <span class='ocrx_word' id='word_1_155' title='bbox 672 1863 759 1927; x_wconf 90' lang='lat' dir='ltr'><strong>boum</strong></span> <span class='ocrx_word' id='word_1_156' title='bbox 780 1881 856 1923; x_wconf 87' lang='lat' dir='ltr'><strong>arma</strong></span> <span class='ocrx_word' id='word_1_157' title='bbox 885 1881 972 1924; x_wconf 87' lang='lat' dir='ltr'><strong>aurea</strong></span> <span class='ocrx_word' id='word_1_158' title='bbox 994 1873 1191 1942; x_wconf 87' lang='lat' dir='ltr'><strong>permutasse</strong></span> 
     </span>
     <span class='ocr_line' id='line_1_20' title="bbox 181 1945 1193 2028; baseline 0.005 -23"><span class='ocrx_word' id='word_1_159' title='bbox 181 1946 316 2008; x_wconf 87' lang='lat' dir='ltr'><strong>Glaucum</strong></span> <span class='ocrx_word' id='word_1_160' title='bbox 338 1948 449 2010; x_wconf 87' lang='lat' dir='ltr'><strong>diceret</strong></span> <span class='ocrx_word' id='word_1_161' title='bbox 470 1967 533 2011; x_wconf 88' lang='lat' dir='ltr'><strong>cum</strong></span> <span class='ocrx_word' id='word_1_162' title='bbox 554 1947 703 2008; x_wconf 88' lang='lat' dir='ltr'><strong>Diomedis</strong></span> <span class='ocrx_word' id='word_1_163' title='bbox 724 1949 810 2008; x_wconf 88' lang='lat' dir='ltr'><strong>armis</strong></span> <span class='ocrx_word' id='word_1_164' title='bbox 826 1945 909 2008; x_wconf 89' lang='lat' dir='ltr'><strong>Vllll</strong></span> <span class='ocrx_word' id='word_1_165' title='bbox 933 1946 1027 2008; x_wconf 89' lang='lat' dir='ltr'><strong>boum.</strong></span> <span class='ocrx_word' id='word_1_166' title='bbox 1064 1966 1103 2008; x_wconf 86' lang='lat' dir='ltr'><strong>cx</strong></span> <span class='ocrx_word' id='word_1_167' title='bbox 1124 1968 1193 2028; x_wconf 85' lang='lat' dir='ltr'><strong>qua</strong></span> 
     </span>
     <span class='ocr_line' id='line_1_21' title="bbox 180 2031 1233 2110; baseline 0.007 -21"><span class='ocrx_word' id='word_1_168' title='bbox 180 2031 390 2094; x_wconf 88' lang='lat' dir='ltr'><strong>consuetudine</strong></span> <span class='ocrx_word' id='word_1_169' title='bbox 404 2032 490 2097; x_wconf 87' lang='lat' dir='ltr'><strong>multa</strong></span> <span class='ocrx_word' id='word_1_170' title='bbox 515 2032 613 2109; x_wconf 86' lang='lat' dir='ltr'><strong>legum</strong></span> <span class='ocrx_word' id='word_1_171' title='bbox 633 2033 810 2110; x_wconf 90' lang='lat' dir='ltr'><strong>antiquarum</strong></span> <span class='ocrx_word' id='word_1_172' title='bbox 826 2049 937 2110; x_wconf 89' lang='lat' dir='ltr'><strong>pecore</strong></span> <span class='ocrx_word' id='word_1_173' title='bbox 957 2040 1069 2092; x_wconf 90' lang='lat' dir='ltr'><strong>constat</strong></span> <span class='ocrx_word' id='word_1_174' title='bbox 1090 2035 1192 2095; x_wconf 89' lang='lat' dir='ltr'><strong>etiam</strong></span> <span class='ocrx_word' id='word_1_175' title='bbox 1206 2055 1233 2096; x_wconf 78' lang='lat' dir='ltr'><strong>ao</strong></span> 
     </span>
     <span class='ocr_line' id='line_1_22' title="bbox 180 2113 299 2174; baseline 0.009 -1"><span class='ocrx_word' id='word_1_176' title='bbox 180 2113 299 2174; x_wconf 86' lang='lat' dir='ltr'><strong>Romae</strong></span> 
     </span>
    </p>

    <p class='ocr_par' dir='ltr' id='par_1_6' title="bbox 152 2159 1229 2613">
     <span class='ocr_line' id='line_1_23' title="bbox 152 2159 1192 2280; baseline 0.002 -20"><span class='ocrx_word' id='word_1_177' title='bbox 152 2207 168 2260; x_wconf 81' lang='grc'>8</span> <span class='ocrx_word' id='word_1_178' title='bbox 242 2200 302 2277; x_wconf 85' lang='grc'>(4.)</span> <span class='ocrx_word' id='word_1_179' title='bbox 323 2199 489 2262; x_wconf 86' lang='lat' dir='ltr'><strong>Pessumum</strong></span> <span class='ocrx_word' id='word_1_180' title='bbox 504 2202 581 2261; x_wconf 88' lang='lat' dir='ltr'><strong>vitae</strong></span> <span class='ocrx_word' id='word_1_181' title='bbox 597 2159 693 2262; x_wconf 88' lang='lat' dir='ltr'><strong>scelus</strong></span> <span class='ocrx_word' id='word_1_182' title='bbox 715 2201 786 2262; x_wconf 86' lang='lat' dir='ltr'><strong>iecit</strong></span> <span class='ocrx_word' id='word_1_183' title='bbox 809 2200 857 2277; x_wconf 91' lang='lat' dir='ltr'><strong>qui</strong></span> <span class='ocrx_word' id='word_1_184' title='bbox 875 2181 982 2280; x_wconf 86' lang='lat' dir='ltr'><strong>primus</strong></span> <span class='ocrx_word' id='word_1_185' title='bbox 1000 2196 1088 2259; x_wconf 89' lang='lat' dir='ltr'><strong>induit</strong></span> <span class='ocrx_word' id='word_1_186' title='bbox 1104 2199 1192 2280; x_wconf 86' lang='lat' dir='ltr'><strong>digi-</strong></span> 
     </span>
     <span class='ocr_line' id='line_1_24' title="bbox 180 2271 1192 2362; baseline 0.008 -22"><span class='ocrx_word' id='word_1_187' title='bbox 180 2283 235 2358; x_wconf 87' lang='lat' dir='ltr'><strong>tis,</strong></span> <span class='ocrx_word' id='word_1_188' title='bbox 251 2301 307 2342; x_wconf 88' lang='lat' dir='ltr'><strong>nec</strong></span> <span class='ocrx_word' id='word_1_189' title='bbox 320 2282 377 2344; x_wconf 91' lang='lat' dir='ltr'><strong>hoc</strong></span> <span class='ocrx_word' id='word_1_190' title='bbox 391 2286 456 2362; x_wconf 91' lang='lat' dir='ltr'><strong>quis</strong></span> <span class='ocrx_word' id='word_1_191' title='bbox 471 2285 577 2348; x_wconf 82' lang='lat' dir='ltr'><strong>iecerit</strong></span> <span class='ocrx_word' id='word_1_192' title='bbox 592 2284 722 2354; x_wconf 83' lang='lat' dir='ltr'><strong>traditur</strong></span> <span class='ocrx_word' id='word_1_193' title='bbox 753 2301 816 2343; x_wconf 91' lang='lat' dir='ltr'><strong>nam</strong></span> <span class='ocrx_word' id='word_1_194' title='bbox 832 2282 868 2343; x_wconf 90' lang='lat' dir='ltr'><strong>de</strong></span> <span class='ocrx_word' id='word_1_195' title='bbox 886 2271 1063 2344; x_wconf 85' lang='lat' dir='ltr'><strong>Prometheo</strong></span> <span class='ocrx_word' id='word_1_196' title='bbox 1082 2289 1192 2348; x_wconf 89' lang='lat' dir='ltr'><strong>omnia</strong></span> 
     </span>
     <span class='ocr_line' id='line_1_25' title="bbox 179 2326 1191 2446; baseline 0.006 -20"><span class='ocrx_word' id='word_1_197' title='bbox 179 2326 312 2427; x_wconf 80' lang='lat' dir='ltr'><strong>tabblosa</strong></span> <span class='ocrx_word' id='word_1_198' title='bbox 328 2368 472 2445; x_wconf 85' lang='lat' dir='ltr'><strong>arbitror,</strong></span> <span class='ocrx_word' id='word_1_199' title='bbox 488 2384 656 2446; x_wconf 88' lang='lat' dir='ltr'><strong>quamquam</strong></span> <span class='ocrx_word' id='word_1_200' title='bbox 667 2368 708 2427; x_wconf 91' lang='lat' dir='ltr'><strong>illi</strong></span> <span class='ocrx_word' id='word_1_201' title='bbox 725 2384 841 2446; x_wconf 86' lang='lat' dir='ltr'><strong>qnoque</strong></span> <span class='ocrx_word' id='word_1_202' title='bbox 856 2367 987 2428; x_wconf 86' lang='lat' dir='ltr'><strong>ferreum</strong></span> <span class='ocrx_word' id='word_1_203' title='bbox 999 2365 1112 2426; x_wconf 90' lang='lat' dir='ltr'><strong>anulum</strong></span> <span class='ocrx_word' id='word_1_204' title='bbox 1130 2369 1191 2432; x_wconf 91' lang='lat' dir='ltr'><strong>de·</strong></span> 
     </span>
     <span class='ocr_line' id='line_1_26' title="bbox 179 2449 1229 2530; baseline 0.005 -20"><span class='ocrx_word' id='word_1_205' title='bbox 179 2450 219 2510; x_wconf 91' lang='lat' dir='ltr'><strong>dit</strong></span> <span class='ocrx_word' id='word_1_206' title='bbox 233 2452 400 2530; x_wconf 84' lang='lat' dir='ltr'><strong>antiquitas,</strong></span> <span class='ocrx_word' id='word_1_207' title='bbox 426 2450 626 2530; x_wconf 89' lang='lat' dir='ltr'><strong>vinculumque</strong></span> <span class='ocrx_word' id='word_1_208' title='bbox 642 2451 686 2530; x_wconf 93' lang='lat' dir='ltr'><strong>id,</strong></span> <span class='ocrx_word' id='word_1_209' title='bbox 705 2469 765 2515; x_wconf 88' lang='lat' dir='ltr'><strong>uon</strong></span> <span class='ocrx_word' id='word_1_210' title='bbox 785 2461 953 2530; x_wconf 81' lang='lat' dir='ltr'><strong>gestamen,</strong></span> <span class='ocrx_word' id='word_1_211' title='bbox 975 2449 1109 2527; x_wconf 86' lang='lat' dir='ltr'><strong>intellegi</strong></span> <span class='ocrx_word' id='word_1_212' title='bbox 1128 2471 1229 2515; x_wconf 79' lang='lat' dir='ltr'><strong>vo-oo</strong></span> 
     </span>
     <span class='ocr_line' id='line_1_27' title="bbox 179 2533 1188 2613; baseline 0.008 -21"><span class='ocrx_word' id='word_1_213' title='bbox 179 2533 239 2597; x_wconf 92' lang='lat' dir='ltr'><strong>luit</strong></span> <span class='ocrx_word' id='word_1_214' title='bbox 273 2533 367 2596; x_wconf 82' lang='lat' dir='ltr'><strong>blidae</strong></span> <span class='ocrx_word' id='word_1_215' title='bbox 389 2536 502 2613; x_wconf 89' lang='lat' dir='ltr'><strong>quidem</strong></span> <span class='ocrx_word' id='word_1_216' title='bbox 519 2536 632 2597; x_wconf 90' lang='lat' dir='ltr'><strong>anulum</strong></span> <span class='ocrx_word' id='word_1_217' title='bbox 654 2554 712 2613; x_wconf 94' lang='lat' dir='ltr'><strong>quo</strong></span> <span class='ocrx_word' id='word_1_218' title='bbox 727 2537 900 2596; x_wconf 87' lang='lat' dir='ltr'><strong>circumacto</strong></span> <span class='ocrx_word' id='word_1_219' title='bbox 917 2535 1071 2595; x_wconf 87' lang='lat' dir='ltr'><strong>habentem</strong></span> <span class='ocrx_word' id='word_1_220' title='bbox 1089 2554 1188 2600; x_wconf 91' lang='lat' dir='ltr'><strong>nemo</strong></span> 
     </span>
    </p>

    <p class='ocr_par' dir='ltr' id='par_1_7' title="bbox 149 2615 1225 3201">
     <span class='ocr_line' id='line_1_28' title="bbox 149 2615 1188 2696; baseline 0.002 -14"><span class='ocrx_word' id='word_1_221' title='bbox 149 2627 315 2682; x_wconf 72' lang='lat' dir='ltr'><strong>acerneret</strong></span> <span class='ocrx_word' id='word_1_222' title='bbox 334 2620 398 2696; x_wconf 87' lang='lat' dir='ltr'><strong>quis</strong></span> <span class='ocrx_word' id='word_1_223' title='bbox 422 2636 480 2678; x_wconf 91' lang='lat' dir='ltr'><strong>non</strong></span> <span class='ocrx_word' id='word_1_224' title='bbox 501 2621 586 2681; x_wconf 87' lang='lat' dir='ltr'><strong>etiam</strong></span> <span class='ocrx_word' id='word_1_225' title='bbox 609 2618 818 2680; x_wconf 84' lang='lat' dir='ltr'><strong>fabulosiorem</strong></span> <span class='ocrx_word' id='word_1_226' title='bbox 843 2615 987 2678; x_wconf 79' lang='lat' dir='ltr'><strong>fateatur?</strong></span> <span class='ocrx_word' id='word_1_227' title='bbox 1022 2615 1125 2680; x_wconf 85' lang='lat' dir='ltr'><strong>Manus</strong></span> <span class='ocrx_word' id='word_1_228' title='bbox 1152 2633 1188 2684; x_wconf 91' lang='lat' dir='ltr'><strong>et</strong></span> 
     </span>
     <span class='ocr_line' id='line_1_29' title="bbox 177 2702 1187 2785; baseline 0.008 -26"><span class='ocrx_word' id='word_1_229' title='bbox 177 2718 299 2779; x_wconf 89' lang='lat' dir='ltr'><strong>prorsus</strong></span> <span class='ocrx_word' id='word_1_230' title='bbox 320 2703 456 2762; x_wconf 88' lang='lat' dir='ltr'><strong>sinistrae</strong></span> <span class='ocrx_word' id='word_1_231' title='bbox 478 2720 635 2762; x_wconf 86' lang='lat' dir='ltr'><strong>maxumam</strong></span> <span class='ocrx_word' id='word_1_232' title='bbox 656 2704 857 2764; x_wconf 88' lang='lat' dir='ltr'><strong>auctoritatem</strong></span> <span class='ocrx_word' id='word_1_233' title='bbox 878 2702 1073 2766; x_wconf 86' lang='lat' dir='ltr'><strong>conciliavere</strong></span> <span class='ocrx_word' id='word_1_234' title='bbox 1090 2721 1187 2785; x_wconf 89' lang='lat' dir='ltr'><strong>auro,</strong></span> 
     </span>
     <span class='ocr_line' id='line_1_30' title="bbox 178 2783 1187 2864; baseline 0.01 -22"><span class='ocrx_word' id='word_1_235' title='bbox 178 2801 236 2843; x_wconf 95' lang='lat' dir='ltr'><strong>non</strong></span> <span class='ocrx_word' id='word_1_236' title='bbox 258 2784 372 2861; x_wconf 88' lang='lat' dir='ltr'><strong>quidem</strong></span> <span class='ocrx_word' id='word_1_237' title='bbox 388 2783 551 2862; x_wconf 87' lang='lat' dir='ltr'><strong>Romanae,</strong></span> <span class='ocrx_word' id='word_1_238' title='bbox 576 2803 693 2864; x_wconf 88' lang='lat' dir='ltr'><strong>quarum</strong></span> <span class='ocrx_word' id='word_1_239' title='bbox 715 2788 744 2846; x_wconf 91' lang='lat' dir='ltr'><strong>in</strong></span> <span class='ocrx_word' id='word_1_240' title='bbox 762 2803 843 2846; x_wconf 87' lang='lat' dir='ltr'><strong>moro</strong></span> <span class='ocrx_word' id='word_1_241' title='bbox 862 2787 952 2846; x_wconf 88' lang='lat' dir='ltr'><strong>ferrei</strong></span> <span class='ocrx_word' id='word_1_242' title='bbox 969 2795 1051 2847; x_wconf 91' lang='lat' dir='ltr'><strong>erant</strong></span> <span class='ocrx_word' id='word_1_243' title='bbox 1069 2796 1100 2847; x_wconf 87' lang='lat' dir='ltr'><strong>et</strong></span> <span class='ocrx_word' id='word_1_244' title='bbox 1117 2791 1187 2851; x_wconf 88' lang='lat' dir='ltr'><strong>vir·</strong></span> 
     </span>
     <span class='ocr_line' id='line_1_31' title="bbox 178 2868 1225 2948; baseline 0.01 -22"><span class='ocrx_word' id='word_1_245' title='bbox 178 2869 247 2927; x_wconf 89' lang='lat' dir='ltr'><strong>tutis</strong></span> <span class='ocrx_word' id='word_1_246' title='bbox 262 2868 412 2933; x_wconf 86' lang='lat' dir='ltr'><strong>bellicae</strong></span> <span class='ocrx_word' id='word_1_247' title='bbox 405 2871 527 2947; x_wconf 80' lang='lat' dir='ltr'><strong>insigne.</strong></span> <span class='ocrx_word' id='word_1_248' title='bbox 563 2868 607 2930; x_wconf 80' lang='lat' dir='ltr'><strong>uo</strong></span> <span class='ocrx_word' id='word_1_249' title='bbox 632 2870 752 2948; x_wconf 86' lang='lat' dir='ltr'><strong>regibus</strong></span> <span class='ocrx_word' id='word_1_250' title='bbox 767 2869 903 2930; x_wconf 83' lang='lat' dir='ltr'><strong>Romanis</strong></span> <span class='ocrx_word' id='word_1_251' title='bbox 919 2889 976 2932; x_wconf 90' lang='lat' dir='ltr'><strong>non</strong></span> <span class='ocrx_word' id='word_1_252' title='bbox 991 2870 1078 2931; x_wconf 88' lang='lat' dir='ltr'><strong>lacile</strong></span> <span class='ocrx_word' id='word_1_253' title='bbox 1094 2871 1187 2935; x_wconf 84' lang='lat' dir='ltr'><strong>dixe·</strong></span> <span class='ocrx_word' id='word_1_254' title='bbox 1175 2895 1225 2938; x_wconf 85' lang='lat' dir='ltr'><strong>·so</strong></span> 
     </span>
     <span class='ocr_line' id='line_1_32' title="bbox 177 2952 1186 3034; baseline 0.01 -24"><span class='ocrx_word' id='word_1_255' title='bbox 177 2953 237 3010; x_wconf 93' lang='lat' dir='ltr'><strong>rim.</strong></span> <span class='ocrx_word' id='word_1_256' title='bbox 274 2952 381 3012; x_wconf 89' lang='lat' dir='ltr'><strong>nullum</strong></span> <span class='ocrx_word' id='word_1_257' title='bbox 400 2953 489 3016; x_wconf 88' lang='lat' dir='ltr'><strong>babet</strong></span> <span class='ocrx_word' id='word_1_258' title='bbox 509 2953 652 3014; x_wconf 83' lang='lat' dir='ltr'><strong>Romuli&#39;</strong></span> <span class='ocrx_word' id='word_1_259' title='bbox 645 2973 673 3014; x_wconf 92' lang='lat' dir='ltr'><strong>m</strong></span> <span class='ocrx_word' id='word_1_260' title='bbox 695 2952 841 3033; x_wconf 82' lang='lat' dir='ltr'><strong>Capitolio</strong></span> <span class='ocrx_word' id='word_1_261' title='bbox 865 2962 958 3015; x_wconf 90' lang='lat' dir='ltr'><strong>statua</strong></span> <span class='ocrx_word' id='word_1_262' title='bbox 981 2973 1034 3014; x_wconf 88' lang='lat' dir='ltr'><strong>nec</strong></span> <span class='ocrx_word' id='word_1_263' title='bbox 1053 2966 1186 3034; x_wconf 89' lang='lat' dir='ltr'><strong>praeter</strong></span> 
     </span>
     <span class='ocr_line' id='line_1_33' title="bbox 177 3034 1224 3116; baseline 0.01 -22"><span class='ocrx_word' id='word_1_264' title='bbox 177 3034 285 3097; x_wconf 88' lang='lat' dir='ltr'><strong>Numae</strong></span> <span class='ocrx_word' id='word_1_265' title='bbox 311 3035 453 3115; x_wconf 85' lang='lat' dir='ltr'><strong>Seruique</strong></span> <span class='ocrx_word' id='word_1_266' title='bbox 481 3036 555 3098; x_wconf 86' lang='lat' dir='ltr'><strong>Tulli</strong></span> <span class='ocrx_word' id='word_1_267' title='bbox 577 3038 631 3099; x_wconf 90' lang='lat' dir='ltr'><strong>alia</strong></span> <span class='ocrx_word' id='word_1_268' title='bbox 652 3057 686 3100; x_wconf 90' lang='lat' dir='ltr'><strong>ac</strong></span> <span class='ocrx_word' id='word_1_269' title='bbox 706 3036 792 3100; x_wconf 87' lang='lat' dir='ltr'><strong>neL.</strong></span> <span class='ocrx_word' id='word_1_270' title='bbox 815 3036 929 3116; x_wconf 87' lang='lat' dir='ltr'><strong>qnidam</strong></span> <span class='ocrx_word' id='word_1_271' title='bbox 943 3037 1031 3100; x_wconf 90' lang='lat' dir='ltr'><strong>Bruti</strong></span> <span class='ocrx_word' id='word_1_272' title='bbox 1061 3037 1161 3100; x_wconf 90' lang='lat' dir='ltr'><strong>boo</strong></span> <span class='ocrx_word' id='word_1_273' title='bbox 1151 3063 1224 3104; x_wconf 92' lang='grc' dir='ltr'><strong>ιιι</strong></span> 
     </span>
     <span class='ocr_line' id='line_1_34' title="bbox 178 3089 1223 3230; baseline 0.014 -53"><span class='ocrx_word' id='word_1_274' title='bbox 178 3116 594 3198; x_wconf 82' lang='lat' dir='ltr'><strong>Tarquiniismaxumemirer,</strong></span> <span class='ocrx_word' id='word_1_275' title='bbox 612 3139 732 3201; x_wconf 89' lang='lat' dir='ltr'><strong>quorum</strong></span> <span class='ocrx_word' id='word_1_276' title='bbox 744 3141 760 3182; x_wconf 95' lang='lat' dir='ltr'><strong>e</strong></span> <span class='ocrx_word' id='word_1_277' title='bbox 774 3120 894 3182; x_wconf 85' lang='lat' dir='ltr'><strong>Graecia</strong></span> <span class='ocrx_word' id='word_1_278' title='bbox 909 3123 962 3182; x_wconf 88' lang='lat' dir='ltr'><strong>luit</strong></span> <span class='ocrx_word' id='word_1_279' title='bbox 979 3125 1081 3200; x_wconf 91' lang='lat' dir='ltr'><strong>origo,</strong></span> <span class='ocrx_word' id='word_1_280' title='bbox 1097 3126 1183 3188; x_wconf 90' lang='lat' dir='ltr'><strong>unde</strong></span> <span class='ocrx_word' id='word_1_281' title='bbox 1209 3089 1223 3230; x_wconf 84' lang='grc' dir='ltr'><strong>,Ι</strong></span> 
     </span>
    </p>
   </div>
   <div class='ocr_carea' id='block_1_3' title="bbox 136 3166 1223 3618">
    <p class='ocr_par' dir='ltr' id='par_1_8' title="bbox 136 3166 1223 3618">
     <span class='ocr_line' id='line_1_35' title="bbox 177 3166 1223 3294; baseline 0.012 -33"><span class='ocrx_word' id='word_1_282' title='bbox 177 3201 224 3262; x_wconf 90' lang='lat' dir='ltr'><strong>bic</strong></span> <span class='ocrx_word' id='word_1_283' title='bbox 235 3202 384 3264; x_wconf 89' lang='lat' dir='ltr'><strong>anulorum</strong></span> <span class='ocrx_word' id='word_1_284' title='bbox 396 3223 463 3264; x_wconf 88' lang='lat' dir='ltr'><strong>usus</strong></span> <span class='ocrx_word' id='word_1_285' title='bbox 480 3206 574 3281; x_wconf 83' lang='lat' dir='ltr'><strong>uenit,</strong></span> <span class='ocrx_word' id='word_1_286' title='bbox 592 3223 758 3284; x_wconf 88' lang='lat' dir='ltr'><strong>quamquam</strong></span> <span class='ocrx_word' id='word_1_287' title='bbox 770 3207 856 3266; x_wconf 91' lang='lat' dir='ltr'><strong>etiam</strong></span> <span class='ocrx_word' id='word_1_288' title='bbox 868 3225 942 3267; x_wconf 90' lang='lat' dir='ltr'><strong>nunc</strong></span> <span class='ocrx_word' id='word_1_289' title='bbox 952 3166 1223 3294; x_wconf 76' lang='lat' dir='ltr'><strong>Lacenaemone&#39;l</strong></span> 
     </span>
     <span class='ocr_line' id='line_1_36' title="bbox 136 3269 1222 3374; baseline 0.006 -24"><span class='ocrx_word' id='word_1_290' title='bbox 136 3297 171 3350; x_wconf 87' lang='lat'><strong>10</strong></span> <span class='ocrx_word' id='word_1_291' title='bbox 180 3286 279 3347; x_wconf 87' lang='lat' dir='ltr'><strong>lcrreo</strong></span> <span class='ocrx_word' id='word_1_292' title='bbox 295 3295 417 3347; x_wconf 90' lang='lat' dir='ltr'><strong>utuntur.</strong></span> <span class='ocrx_word' id='word_1_293' title='bbox 448 3289 531 3350; x_wconf 85' lang='lat' dir='ltr'><strong>seda</strong></span> <span class='ocrx_word' id='word_1_294' title='bbox 542 3285 649 3350; x_wconf 86' lang='lat' dir='ltr'><strong>Prisco</strong></span> <span class='ocrx_word' id='word_1_295' title='bbox 662 3288 816 3367; x_wconf 81' lang='lat' dir='ltr'><strong>Tarquinio</strong></span> <span class='ocrx_word' id='word_1_296' title='bbox 829 3291 952 3351; x_wconf 92' lang='lat' dir='ltr'><strong>omnium</strong></span> <span class='ocrx_word' id='word_1_297' title='bbox 966 3291 1059 3370; x_wconf 91' lang='lat' dir='ltr'><strong>primo</strong></span> <span class='ocrx_word' id='word_1_298' title='bbox 1072 3269 1222 3374; x_wconf 88' lang='lat' dir='ltr'><strong>lilium,</strong></span> <span class='ocrx_word' id='word_1_299' title='bbox 1198 3322 1200 3329; x_wconf 56' lang='lat'><strong><em>¹</em></strong></span> 
     </span>
     <span class='ocr_line' id='line_1_37' title="bbox 177 3371 1182 3452; baseline 0.009 -20"><span class='ocrx_word' id='word_1_300' title='bbox 177 3389 240 3432; x_wconf 89' lang='lat' dir='ltr'><strong>cum</strong></span> <span class='ocrx_word' id='word_1_301' title='bbox 255 3373 284 3431; x_wconf 93' lang='lat' dir='ltr'><strong>in</strong></span> <span class='ocrx_word' id='word_1_302' title='bbox 299 3380 470 3450; x_wconf 82' lang='lat' dir='ltr'><strong>praetentae</strong></span> <span class='ocrx_word' id='word_1_303' title='bbox 482 3374 563 3434; x_wconf 91' lang='lat' dir='ltr'><strong>annis</strong></span> <span class='ocrx_word' id='word_1_304' title='bbox 577 3374 733 3434; x_wconf 89' lang='lat' dir='ltr'><strong>occidisset</strong></span> <span class='ocrx_word' id='word_1_305' title='bbox 749 3371 873 3452; x_wconf 90' lang='lat' dir='ltr'><strong>hostem,</strong></span> <span class='ocrx_word' id='word_1_306' title='bbox 886 3374 964 3436; x_wconf 91' lang='lat' dir='ltr'><strong>bulla</strong></span> <span class='ocrx_word' id='word_1_307' title='bbox 977 3393 1065 3436; x_wconf 90' lang='lat' dir='ltr'><strong>aurea</strong></span> <span class='ocrx_word' id='word_1_308' title='bbox 1085 3375 1182 3441; x_wconf 92' lang='lat' dir='ltr'><strong>dona-</strong></span> 
     </span>
     <span class='ocr_line' id='line_1_38' title="bbox 178 3456 1180 3541; baseline 0.011 -27"><span class='ocrx_word' id='word_1_309' title='bbox 178 3463 236 3516; x_wconf 94' lang='lat' dir='ltr'><strong>tum</strong></span> <span class='ocrx_word' id='word_1_310' title='bbox 259 3463 390 3532; x_wconf 84' lang='lat' dir='ltr'><strong>constat,</strong></span> <span class='ocrx_word' id='word_1_311' title='bbox 414 3456 487 3517; x_wconf 89' lang='lat' dir='ltr'><strong>nnde</strong></span> <span class='ocrx_word' id='word_1_312' title='bbox 508 3474 571 3516; x_wconf 90' lang='lat' dir='ltr'><strong>mos</strong></span> <span class='ocrx_word' id='word_1_313' title='bbox 591 3456 688 3518; x_wconf 88' lang='lat' dir='ltr'><strong>bullae</strong></span> <span class='ocrx_word' id='word_1_314' title='bbox 711 3458 838 3535; x_wconf 85' lang='lat' dir='ltr'><strong>duravit,</strong></span> <span class='ocrx_word' id='word_1_315' title='bbox 860 3467 890 3519; x_wconf 89' lang='lat' dir='ltr'><strong>nt</strong></span> <span class='ocrx_word' id='word_1_316' title='bbox 911 3477 1011 3519; x_wconf 87' lang='lat' dir='ltr'><strong>corum</strong></span> <span class='ocrx_word' id='word_1_317' title='bbox 1027 3461 1073 3539; x_wconf 92' lang='lat' dir='ltr'><strong>qni</strong></span> <span class='ocrx_word' id='word_1_318' title='bbox 1094 3480 1180 3541; x_wconf 92' lang='lat' dir='ltr'><strong>equo</strong></span> 
     </span>
     <span class='ocr_line' id='line_1_39' title="bbox 177 3539 1180 3618; baseline 0.011 -20"><span class='ocrx_word' id='word_1_319' title='bbox 177 3542 352 3600; x_wconf 89' lang='lat' dir='ltr'><strong>meruissent</strong></span> <span class='ocrx_word' id='word_1_320' title='bbox 367 3539 449 3600; x_wconf 91' lang='lat' dir='ltr'><strong>tilii</strong></span> <span class='ocrx_word' id='word_1_321' title='bbox 441 3543 555 3618; x_wconf 78' lang='lat' dir='ltr'><strong>insigne</strong></span> <span class='ocrx_word' id='word_1_322' title='bbox 574 3542 602 3601; x_wconf 94' lang='lat' dir='ltr'><strong>id</strong></span> <span class='ocrx_word' id='word_1_323' title='bbox 620 3540 778 3618; x_wconf 88' lang='lat' dir='ltr'><strong>baberent,</strong></span> <span class='ocrx_word' id='word_1_324' title='bbox 800 3544 891 3603; x_wconf 88' lang='lat' dir='ltr'><strong>ceteri</strong></span> <span class='ocrx_word' id='word_1_325' title='bbox 914 3541 1014 3603; x_wconf 89' lang='lat' dir='ltr'><strong>lorum</strong></span> <span class='ocrx_word' id='word_1_326' title='bbox 1053 3553 1082 3603; x_wconf 90' lang='lat' dir='ltr'><strong>et</strong></span> <span class='ocrx_word' id='word_1_327' title='bbox 1102 3545 1180 3608; x_wconf 89' lang='lat' dir='ltr'><strong>ideo</strong></span> 
     </span>
    </p>
   </div>
   <div class='ocr_carea' id='block_1_4' title="bbox 0 0 1238 3896">
    <p class='ocr_par' dir='ltr' id='par_1_9' title="bbox 0 0 1238 3896">
     <span class='ocr_line' id='line_1_40' title="bbox 0 0 1238 3896; baseline 0 1"><span class='ocrx_word' id='word_1_328' title='bbox 0 0 1238 3896; x_wconf 95' lang='lat' dir='ltr'><strong> </strong></span> 
     </span>
    </p>
   </div>
  </div>
 </body>
</html>
