2468 3896
273 233 656 283 nuu.n1sr.nxxrrr.1
678 231 704 285 a.
726 220 841 299 (rt-9)
1038 221 1062 283 9

21 423 23 454 t
65 389 183 448 omuibus
202 387 298 451 electi
322 389 358 450 ad
373 387 576 449 custodiendas
599 389 801 466 suffragiorum
822 389 936 449 cistas
927 407 957 448 ru
970 391 1058 450 comi·

21 455 112 550 luis.
146 481 176 532 et
198 473 317 533 divisus
338 473 385 532 bic
406 489 521 551 quoque
542 473 615 533 ordo
635 482 699 534 erat
719 472 846 550 superba
869 474 1056 550 usurpatione

21 527 23 612 ἶ
64 558 210 632 nominum
229 576 299 618 oum
310 557 385 617 alrus
401 576 434 616 sc
450 566 644 634 nongentum
660 557 733 617 aluus
745 555 902 630 selectum
920 556 993 617 aluus
1007 558 1057 617 trr

21 637 22 678 3
64 642 152 700 bunum
170 641 353 720 appellaret

49 744 57 781 s
112 723 170 803 (8.)
192 723 301 786 Tiberi
320 727 432 787 demum
447 727 625 804 principatu,
648 742 725 784 nono
747 742 840 802 anno,
861 727 890 786 in
914 727 1098 790 unitatcmdt

62 811 128 869 venit
143 818 295 888 equester
310 810 403 884 ordo,
428 810 635 888 anulorumque
654 811 817 869 auctoritati
840 811 932 870 lorma
947 811 1056 870 consti·

63 902 109 952 tuta
130 903 177 953 est
202 892 237 954 0.
260 893 367 954 Asinio
391 894 514 954 l’clione
535 891 567 953 C.
595 893 723 954 Antistio
746 894 858 955 Vetere
882 911 958 955 coss.
982 912 1055 954 anno

23 989 27 1005 ·
63 977 127 1038 urbis
146 979 292 1039 conditae
308 976 521 1054 DCGLXXV.,
544 977 620 1056 quod
642 978 795 1054 miremur,
817 977 892 1038 futili
909 997 1002 1057 paene
1019 979 1056 1038 de

62 1080 149 1138 causa,
170 1081 240 1123 cum
258 1060 293 1124 (l.
316 1062 461 1141 Sulpicius
479 1061 569 1122 Galba
592 1062 754 1122 iuvenalem
769 1063 870 1122 lamam
889 1063 964 1140 apud
979 1065 1055 1142 prin·

42 1147 143 1224 ncipem
158 1149 339 1226 popinarum
366 1148 470 1226 poenis
492 1154 649 1224 aucupatus
668 1155 787 1224 questus
811 1156 892 1207 esset
908 1150 937 1207 in
952 1155 1055 1208 senatu

62 1230 137 1308 uolgo
160 1233 323 1292 institores
345 1234 409 1292 cius
430 1231 533 1309 eulpae
554 1227 669 1291 delendi
695 1231 797 1292 anulis.
840 1231 893 1292 bac
912 1231 948 1292 de
970 1249 1055 1292 causa

61 1316 241 1374 constitutum
260 1334 299 1376 ne
321 1318 368 1376 cui
391 1317 435 1375 ius
457 1323 539 1375 esset
554 1317 609 1375 nisi
631 1315 678 1392 qui
695 1317 837 1393 ingenuus
861 1317 942 1394 ipse,
960 1325 1054 1394 patre,

62 1415 105 1458 aro
122 1409 252 1478 paterno
276 1398 331 1459 llS.
347 1402 441 1467 ᾒῖὸὗ
458 1417 563 1460 census
580 1401 684 1459 luisset
698 1408 729 1459 et
745 1399 814 1476 lege
831 1399 903 1459 lulia
920 1400 1054 1460 theatrali

61 1481 177 1543 inllllll
201 1483 358 1544 ordinibus
382 1482 517 1544 sedisset.
555 1493 659 1562 postea
674 1486 817 1561 gregatim
834 1485 947 1561 insigne
964 1485 992 1543 id
1008 1484 1055 1543 ad·

42 1569 110 1642 cpoli
126 1577 278 1647 coeptum.
316 1577 438 1646 propter
460 1567 534 1628 baec
554 1567 717 1628 discrimina
740 1566 826 1628 Gaius
848 1569 984 1646 princeps
1002 1567 1100 1634 dete

62 1653 154 1710 curiam
173 1654 308 1730 quintam
323 1651 439 1728 adiecit,
455 1660 619 1729 tantumque
638 1660 752 1712 enatum
770 1661 816 1712 est
830 1653 921 1712 fastus
936 1661 966 1711 ut
980 1669 1054 1730 quae

64 1735 186 1796 subdivo
205 1737 346 1814 Augusto
358 1735 463 1813 inpleri
480 1753 537 1796 nou
549 1744 705 1814 potuerant
716 1735 853 1797 decuriae
870 1753 926 1796 uon
941 1738 1055 1814 capiant

64 1836 115 1878 enm
136 1821 290 1897 ordinem,
314 1822 479 1899 passimque
503 1819 539 1880 ad
559 1829 726 1880 ornamenta
747 1839 781 1880 ea
804 1823 889 1882 etlam
911 1823 1053 1881 servitute

21 1975 22 1978 Ἴ
64 1900 164 1964 liberati
184 1904 369 1980 transiliant,
393 1904 496 1989 quod
491 1913 575 1964 antea
597 1922 745 1983 numquam
762 1915 826 1966 erat
842 1908 962 1982 lactum,
983 1922 1054 1984 quo·

44 1989 124 2046 oniam
137 1991 167 2048 in
184 1991 290 2048 lerrec
308 1988 393 2048 anulo
416 1997 446 2048 et
466 1980 581 2066 equites
604 1989 773 2067 iudicesque
796 1989 1051 2066 intellegebantur.

64 2070 182 2172 adeoque
199 2073 231 2132 id
246 2074 440 2152 promiscuum
456 2091 524 2133 esse
539 2074 639 2150 coepit
655 2082 685 2132 ut
702 2072 777 2152 apud
789 2072 936 2134 Claudium
946 2067 1053 2132 Caesa·

65 2172 113 2214 rem
137 2159 166 2218 in
193 2175 321 2217 censura
349 2158 411 2216 eins
440 2175 511 2216 unus
537 2175 575 2216 ex
602 2157 747 2235 equitibus
774 2157 890 2219 Flavius
913 2155 1053 2217 Proculus

65 2240 285 2318 quadringentos
305 2260 342 2301 en
358 2259 391 2301 ea
407 2258 492 2301 causa
514 2258 583 2301 reos
599 2242 770 2319 postularet.
806 2244 844 2302 ita
859 2241 923 2301 dum
939 2259 1054 2318 separa·

65 2329 101 2382 tur
117 2326 189 2387 ordo
209 2325 246 2385 ab
263 2326 415 2402 ingenuis,
437 2327 651 2385 communicatus
668 2334 715 2385 est
729 2345 792 2386 cum
809 2327 946 2386 servitiis.
980 2324 1050 2384 iudi·
1062 2333 1097 2390 34

43 2420 116 2466 ccum
127 2419 225 2470 autem
241 2408 441 2488 appellatione
458 2427 597 2488 separare
611 2428 675 2470 eum
688 2409 819 2469 ordinem
829 2411 912 2489 primi
931 2410 1053 2469 omnium

65 2490 208 2554 instituere
227 2492 349 2554 Gracchi
366 2494 492 2553 discordi
518 2494 713 2572 popularitate
735 2495 764 2553 in
789 2492 991 2553 contumeliam
1008 2512 1054 2552 se·

67 2584 155 2654 uatus,
178 2595 249 2638 mox
273 2577 420 2638 debellata
444 2580 601 2638 auctoritas
627 2579 750 2637 nominis
772 2579 853 2638 vario
880 2575 1054 2637 seditionum

67 2669 162 2721 euentu
177 2663 257 2722 eirca
273 2662 443 2740 publicanos
462 2661 592 2722 substitit
611 2669 641 2722 et
656 2662 828 2740 aliquamdiu
843 2663 949 2722 tertiae
964 2663 1052 2722 sortis

68 2743 111 2803 uiri
130 2746 277 2824 publicani
300 2746 392 2807 luere.
428 2744 465 2805 Μ.
484 2743 590 2806 Cicero
614 2746 726 2806 demum
748 2746 887 2806 stabilivit
913 2755 1053 2824 equestre

45 2837 158 2892 brenen
177 2833 209 2890 iu
233 2830 384 2890 consulatu
413 2848 466 2890 suo
492 2827 659 2890 Catilinanis
687 2831 793 2907 rebus,
824 2849 863 2890 ex
892 2847 928 2890 eo
951 2830 1052 2890 ordine

68 2913 219 2987 proiectum
245 2933 278 2974 se
299 2913 452 2974 celebrans
475 2915 597 2992 eiusque
612 2916 683 2973 viris
702 2915 843 2993 peculiari
858 2913 1054 2993 popularitate

70 3011 211 3070 quaerens.
253 2999 288 3059 ab
311 2998 363 3059 illo
388 3008 521 3076 tempore
539 2999 626 3077 plane
641 2999 698 3060 boo
724 3001 839 3060 tertium
854 3015 960 3076 eorpus
977 2999 1006 3056 in
1021 3017 1054 3057 re

70 3079 170 3152 publiea
192 3084 297 3143 iactum
323 3091 386 3158 est,
408 3085 566 3161 coepitque
587 3083 661 3142 adici
679 3086 791 3144 senatui
810 3083 978 3161 populoque
995 3081 1053 3142 Ro·

71 3177 139 3224 mano
155 3175 185 3226 et
200 3175 340 3265 equester
356 3165 437 3226 ordo.
473 3167 580 3244 quade
596 3185 681 3228 causa
697 3175 727 3228 et
744 3184 818 3226 uuna
835 3175 902 3245 post
917 3167 1054 3244 populum

48 3248 210 3325 ascribitur,
228 3251 294 3328 quia
308 3251 466 3310 novissime
480 3259 607 3339 coeptus
622 3260 668 3310 est
686 3251 766 3310 adici.

122 3335 179 3412 (9.)
201 3333 336 3412 Equitum
350 3333 465 3412 quidem
481 3337 567 3395 etiam
579 3351 683 3395 nomen
698 3337 793 3414 ipsum
804 3353 894 3414 saepe
911 3336 1050 3396 variatum
1061 3345 1095 3399 35

74 3418 134 3473 est
127 3436 153 3477 m
174 3419 210 3480 iis
235 3435 352 3496 quoque
375 3419 472 3494 quiid
492 3419 528 3478 ab
547 3421 676 3496 equitatu
692 3417 853 3480 trahebant.
870 3419 986 3480 celeres
1000 3417 1052 3476 sub

74 3493 180 3562 llomulc
197 3502 377 3581 regibusque
394 3513 459 3563 sunt
474 3503 629 3582 appellati,
651 3502 754 3564 deinde
770 3503 932 3578 tlexuntes,
949 3509 1052 3580 postea
