2510 3898
126 217 184 279 162
466 225 497 276 o.
514 225 612 276 annus
634 225 785 274 sonuum

123 385 249 447 heminae
281 385 430 464 pigriores
461 391 529 444 sunt
556 391 587 444 et
618 383 746 445 crassius
773 383 876 444 nitent.
913 399 968 442 nec
994 380 1048 441 luit
1073 380 1132 442 alia

124 487 237 547 gennna
264 468 339 547 apud
365 469 501 547 antiquos
525 486 580 528 usu
607 467 793 546 frequentior
811 501 855 514 -
876 465 930 527 hac
951 474 1031 526 certe
1053 465 1132 544 apud

121 552 311 614 Menandrum
331 561 363 614 et
377 551 576 614 Philemonem
596 550 713 613 fabulae
735 551 908 631 superbiunt
925 585 969 596 --
983 568 1038 611 nec
1052 549 1132 612 ullae

124 639 326 702 tralucentium
349 638 461 698 tardius
478 636 617 700 subfusae
638 654 739 698 umore
762 636 955 713 hebetantur,
985 634 1131 715 oleaeque

122 725 215 801 magis
240 741 324 802 quarn
344 722 403 785 alio
425 722 550 800 liquore.
581 721 749 784 damnantur
766 739 806 782 ex
823 722 859 781 iis
880 719 1005 781 melleae
1024 728 1055 780 et
1069 719 1154 780 val-s

122 808 186 872 dius
201 816 363 870 testaceus.
638 833 639 836 ¹
1099 819 1102 826 ’
1249 802 1254 813 ’

82 902 130 957 101
190 891 217 955 8.
238 891 322 971 (32.)
338 891 470 970 Egregia
481 893 635 954 etiamnum
648 909 699 952 sua
716 899 823 970 topazo
838 890 934 969 gloria
950 896 1006 967 ost,
1021 891 1129 950 virenti

123 995 235 1055 genere
252 985 300 1053 et,
321 995 384 1038 curn
405 984 526 1054 reperta
542 981 605 1052 est,
629 975 779 1054 praelatae
795 975 937 1036 omnibus.
975 974 1079 1035 accidit
1099 974 1131 1036 in

122 1061 253 1122 Arabiae
274 1061 368 1122 insula
395 1078 469 1138 quae
490 1057 572 1138 Cytis
596 1060 773 1138 vocabatur,
799 1061 829 1120 in
850 1077 934 1138 qnam
950 1059 1130 1120 devenerant

124 1145 313 1223 Trogodytae
341 1144 506 1225 praedones
534 1146 608 1205 ianne
632 1152 662 1206 et
685 1152 861 1224 tempestate
882 1144 971 1222 lessi,
994 1152 1041 1222 ut,
1066 1160 1170 1204 cumro

123 1230 231 1298 herbas
249 1230 424 1309 radicesque
442 1228 594 1306 foderent,
611 1238 751 1290 eruerent
764 1238 901 1308 topazon.
928 1228 1002 1289 haec
1017 1226 1131 1289 hruhe-

81 1327 133 1382 108
146 1314 183 1379 lai
195 1313 342 1378 sententia
354 1323 407 1376 est.
423 1314 495 1376 luha
504 1313 652 1393 Topauunr
662 1314 785 1374 insulam
797 1316 826 1374 in
836 1313 938 1374 Rubro
949 1313 1021 1373 mari
1033 1330 1049 1374 a
1062 1329 1131 1373 con·

123 1402 227 1462 tinenti
242 1401 343 1461 stadiis
358 1397 433 1461 CCC
445 1399 551 1461 abesse
566 1399 647 1478 dicit,
664 1399 835 1460 nebulosam
848 1405 878 1459 et
888 1399 957 1459 ideo
969 1399 1131 1477 quaesitam

123 1487 242 1564 saepius
260 1484 477 1564 navigantibus,
496 1501 586 1546 exea
603 1501 692 1545 causa
709 1485 815 1545 nomen
831 1485 995 1562 accepisse,
1012 1484 1130 1562 topazin
1215 1517 1220 1524 ·

124 1572 200 1633 enim
213 1569 445 1648 Trogodytarum
461 1568 559 1647 lingua
575 1569 818 1648 significationem
835 1567 946 1629 habero
959 1567 1128 1646 quaerendi.
1139 1582 1167 1630 1t

125 1674 163 1716 ex
188 1655 241 1715 hae
265 1658 386 1732 primum
410 1656 585 1732 inportatam
612 1652 774 1715 Berenicae
806 1655 946 1731 reginae,
977 1670 1052 1731 quae
1077 1652 1131 1713 luit

123 1748 217 1801 mater
240 1741 391 1817 sequentis
407 1737 588 1815 Ptolemaei,
611 1739 646 1798 ab
663 1737 787 1800 Philone
803 1740 958 1818 praelecto
973 1739 1037 1814 regi
1057 1738 1131 1796 mire

123 1823 269 1903 placuisse
291 1831 322 1883 et
342 1823 410 1882 inde
431 1823 535 1884 iactam
555 1830 678 1884 statuam
693 1822 841 1884 Arsinoae
856 1821 1018 1883 Ptolemaei
1036 1819 1132 1882 Phila·

124 1907 222 1986 delphi
246 1909 329 1968 uxori
347 1915 483 1986 quattuor
503 1907 684 1985 cubitorum,
704 1916 846 1970 sacratam
861 1909 894 1966 in
911 1906 1036 1968 delubro
1053 1905 1131 1984 quod

84 2003 132 2058 109
145 2010 263 2052 aureum
293 1991 561 2069 cognominabatur.
608 1993 803 2053 recentissimi
831 2000 967 2052 auctores
996 1999 1027 2051 et
1053 1992 1168 2052 circam
1236 2024 1238 2030 ·

125 2076 283 2138 Thebaidis
301 2075 488 2136 Alabastrum
510 2076 647 2155 oppidum
668 2079 749 2137 nasci
772 2076 870 2138 dicunt
892 2084 922 2136 et
939 2076 996 2137 duo
1017 2093 1130 2154 genera

125 2165 188 2225 eius
215 2162 340 2240 iaciunt,
367 2160 525 2239 prasoiden
551 2170 639 2240 atque
661 2162 877 2240 chrysopterun
898 2160 993 2221 simile
1009 2160 1129 2237 chryso·

123 2264 223 2326 praso.
263 2252 324 2308 tota
342 2247 419 2307 enim
440 2245 598 2307 similitudo
620 2246 656 2306 ad
677 2248 758 2326 porri
781 2263 880 2308 sucum
901 2243 1047 2323 dirigitur.
1082 2253 1130 2305 est

124 2340 220 2392 autem
243 2331 417 2411 amplissima
439 2334 624 2409 gemmarum.
662 2331 763 2391 eadem
786 2330 851 2391 sola
871 2329 1011 2390 nobilium
1034 2329 1129 2388 limam

125 2418 230 2494 sentit,
252 2424 373 2478 ceterae
388 2414 483 2476 Naxio
501 2423 532 2476 et
547 2415 662 2476 cotibus
678 2415 833 2494 poliuntur.
871 2414 945 2476 baec
964 2422 994 2474 et
1014 2432 1066 2474 usn
1088 2422 1166 2475 atas

123 2503 238 2564 teritur.

83 2598 134 2650 110
192 2586 276 2667 (33.)
299 2583 463 2646 Comitatur
477 2603 541 2648 earn
556 2585 742 2647 similitudine
760 2585 884 2665 propior
901 2601 983 2663 quam
1003 2583 1129 2642 auctori·

124 2680 184 2732 tate
212 2669 334 2730 callaina
358 2670 475 2731 eviridi
497 2671 620 2751 pallens.
656 2673 784 2731 nascitur
807 2676 877 2748 post
898 2685 1002 2730 aversa
1017 2663 1128 2744 Indiae,

124 2755 199 2834 apud
221 2753 333 2814 incolas
355 2751 484 2816 Caucasi·
497 2757 603 2816 montis
619 2754 786 2833 Phpcaros,
807 2753 913 2830 Sacas,
935 2752 1049 2829 Dahas,
1072 2769 1130 2812 anr-

124 2840 266 2920 plitudine
290 2841 465 2918 conspicua,
495 2840 549 2902 sed
571 2839 704 2901 fistulosa
727 2859 762 2901 ac
784 2838 911 2900 sordium
941 2838 1046 2918 plena,
1072 2838 1166 2900 sin-so

124 2926 223 2986 cerior
240 2924 496 3004 praestantiorque
513 2924 603 2986 multo
621 2925 649 2985 in
669 2923 836 3002 Carmania,
862 2923 1018 3002 utrobique
1033 2931 1129 2982 autem

123 3011 153 3072 iu
168 3010 289 3089 rupibus
311 3010 397 3069 inviis
413 3019 443 3070 et
463 3009 587 3088 gelidis,
607 3008 684 3070 oculi
705 3011 797 3088 figura
813 3007 991 3070 extuberans
1009 3007 1129 3070 leviter·

82 3106 201 3175 litque
214 3094 388 3172 adhaerens,
401 3114 456 3156 nec
470 3103 501 3155 ut
516 3095 618 3156 adnata
634 3096 739 3174 petris,
752 3095 805 3155 sed
821 3103 851 3152 nt
867 3093 1009 3172 adposita.
1032 3109 1129 3171 quarn·

125 3179 227 3241 obrem
252 3179 396 3241 scandere
421 3179 528 3242 adeas
555 3180 674 3260 pigritia
695 3180 800 3260 pedum
829 3179 977 3257 equestris
1000 3176 1128 3256 populos

124 3263 238 3343 taedet,
262 3264 346 3324 simul
362 3272 392 3325 et
411 3265 571 3344 pericnlum
587 3274 696 3344 terret,
720 3283 793 3342 ergo
816 3261 911 3324 fundis
934 3263 1165 3340 elonginquoes

124 3351 275 3412 incessunt
299 3357 329 3410 et
351 3367 413 3410 cunr
434 3358 498 3411 toto
519 3368 618 3412 musco
635 3351 792 3412 excutiunt.
830 3347 887 3408 hoc
903 3347 1048 3426 vectigal,
1069 3345 1132 3405 hoc

123 3442 275 3515 gestamen
307 3435 337 3496 in
369 3436 503 3514 cervice,
542 3436 641 3514 digitis
669 3435 865 3513 gratissimum
900 3441 1023 3510 norunt,
1061 3430 1128 3490 hinc

123 3539 247 3598 census,
275 3519 350 3580 baec
371 3519 467 3598 gloria
489 3540 505 3582 a
526 3521 651 3600 pueritia
673 3519 817 3581 deiectum
838 3534 986 3579 numerum
1014 3515 1129 3596 praedi·
