2468 3896
137 208 177 267 12
481 221 508 268 o.
531 221 626 266 amru
647 219 796 267 saeuum

135 373 209 435 dicti.
242 395 309 437 mox
323 375 392 452 lege
408 375 522 455 Papiria
537 375 718 434 semunciarii
737 392 820 434 asses
839 374 915 434 lacti.
947 371 1044 432 Livius
1060 372 1142 432 Dru-

135 478 184 520 sus
197 461 227 520 in
243 461 388 520 tribunatu
403 459 501 538 plebei
519 466 647 519 octavam
659 467 771 538 partem
783 459 859 518 aeris
872 466 995 534 argento
1008 459 1138 516 miscuit.

134 544 219 622 isqui
235 543 496 604 uuchictoriatus
519 542 681 622 appellatur
702 542 769 619 lege
787 539 887 603 clodia
904 559 1058 618 percussus
1076 550 1137 600 est.

133 637 217 688 antea
241 630 317 688 enirn
336 626 382 687 hic
408 645 535 687 nummus
563 645 600 686 ex
619 626 738 702 illyrico
766 627 902 686 advectus
930 627 1035 684 mercis
1062 625 1137 685 loco

134 711 301 772 habebatur.
352 721 398 772 est
429 721 523 772 autem
548 712 678 787 signatus
705 709 837 770 Victoria
867 719 898 769 et
924 709 989 769 iude
1016 727 1167 770 uomens

90 795 253 859 ethnicus
270 815 396 856 nummus
417 805 484 874 post
504 811 594 854 antros
615 793 650 854 Ll
674 812 830 872 percussus
852 802 898 854 est
922 811 1005 870 quam
1027 812 1138 870 argen-

135 888 216 956 teus,
239 882 331 939 itaut
356 879 512 957 scripulum
537 877 650 940 valeret
671 880 818 939 sestertiis
841 879 970 955 vicenis,
994 878 1070 955 quod
1090 879 1137 936 ei-

134 963 193 1023 srcit
215 966 244 1022 in
268 963 363 1024 librali
394 964 506 1023 ratione
529 961 569 996 aa
593 964 722 1022 sestertii
750 964 797 1040 qui
828 971 893 1043 tuuc
916 971 998 1021 erant
1020 959 1135 1020 CCCC.

134 1055 237 1124 postea
259 1047 366 1127 placuit
385 1045 434 1106 Xb
459 1047 567 1124 signari
585 1066 623 1106 ex
638 1045 702 1107 auri
723 1047 823 1123 libris,
840 1046 1032 1125 paulatimque
1053 1047 1135 1123 prin-

134 1132 215 1210 cipes
231 1133 391 1191 inminuere
408 1131 536 1209 poudus,
553 1141 583 1190 et
597 1133 781 1191 novisissime
797 1130 877 1190 Nero
894 1130 928 1192 ad
943 1127 1030 1189 XLV.
1148 1151 1180 1190 ro

91 1226 125 1280 48
167 1273 175 1290 ,
202 1217 281 1296 (ll.)
304 1216 362 1275 Sed
383 1234 399 1275 a
421 1233 533 1274 nummo
552 1217 642 1293 prima
662 1217 775 1292 origine
791 1215 927 1274 avaritiae
943 1214 1064 1274 faenore
1081 1232 1136 1273 ex·

134 1301 261 1377 cogitata
282 1309 516 1378 quaestuosaque
537 1301 661 1376 segnitia
682 1318 737 1359 nee
757 1298 892 1378 paulatim
914 1299 1023 1358 exarsit
1049 1298 1134 1358 rabie

133 1384 251 1461 quadam
273 1402 330 1444 nun
350 1386 405 1444 iam
420 1384 539 1443 avaritia
555 1383 608 1444 sed
622 1384 712 1443 fames
729 1385 807 1460 auri,
830 1391 930 1461 utpute
947 1401 1009 1442 cum
1025 1381 1135 1460 Septu-

132 1469 254 1528 muleius
273 1467 323 1528 Gai
340 1466 459 1528 Gracchi
476 1467 622 1528 lamiliaris
640 1486 710 1528 auro
732 1466 947 1546 rependendum
964 1475 1048 1544 caput
1067 1467 1133 1525 eius

134 1552 277 1612 abscisum
291 1553 325 1611 ad
342 1550 485 1629 Opimium
504 1552 602 1612 tulerit
623 1551 801 1630 plrunboque
823 1553 852 1610 in
874 1569 907 1610 os
926 1549 1021 1609 addito
1039 1551 1177 1628 parri-15

133 1635 208 1695 cidio
225 1653 278 1694 suo
295 1653 356 1694 rem
370 1636 513 1714 publicam
529 1637 614 1696 etiam
630 1636 907 1715 circumscripserit,
924 1653 978 1694 nec
995 1635 1049 1693 iam
1062 1631 1135 1705 Qui-

132 1719 226 1777 ritium
241 1718 344 1796 aliquis
358 1719 411 1796 sed
424 1722 559 1780 universo
576 1721 689 1780 nomine
704 1719 833 1780 Romano
845 1720 941 1779 infami
957 1737 1011 1776 rex
1021 1717 1135 1777 blithri-

133 1803 215 1862 dates
232 1802 350 1880 Aquilio
367 1802 430 1862 duci
452 1811 538 1881 capto
554 1821 652 1863 aurum
667 1806 696 1863 iu
712 1822 746 1864 os
762 1804 873 1864 infudit.
903 1803 976 1862 haec
991 1804 1065 1880 parit
1082 1801 1134 1862 ha·

90 1896 124 1951 49
135 1886 221 1945 bendi
248 1886 368 1964 cupido!
404 1887 493 1965 pudet
515 1889 672 1947 intuentem
694 1889 808 1947 nomina
831 1891 886 1947 ista
910 1905 984 1966 quae
1006 1884 1132 1947 subinde

134 1987 208 2030 nova
224 1968 336 2031 Graeco
351 1989 487 2032 sermore
510 1973 713 2048 excogitantur
729 1974 864 2050 insperso
886 1972 1034 2048 argenteis
1051 1972 1132 2030 vasis
1146 1990 1175 2028 ro

132 2072 202 2113 auro
220 2063 250 2112 et
268 2054 390 2131 incluso,
407 2055 510 2133 quibus
524 2056 636 2116 deliciis
651 2056 741 2134 pluris
756 2065 883 2116 veneunt
901 2057 1029 2114 inaurata
1046 2073 1132 2132 quam

132 2155 237 2213 aurea,
259 2157 321 2197 cum
342 2141 464 2200 sciamus
488 2139 675 2202 interdixisse
697 2142 800 2201 castris
824 2141 883 2198 suis
907 2139 1074 2217 Spartacum
1093 2159 1132 2199 ne

132 2223 195 2298 quis
213 2240 310 2282 aurum
332 2220 455 2282 haberet
475 2233 524 2283 aut
542 2235 701 2302 argentum.
741 2233 820 2284 tauto
835 2222 899 2302 plus
916 2224 969 2282 fnit
985 2223 1068 2282 animi
1088 2223 1133 2282 lu·

90 2317 124 2368 50
135 2306 234 2382 gitivis
251 2304 374 2366 nostris!
391 2305 516 2367 Messala
530 2315 629 2368 orator
644 2308 772 2387 prodidit
785 2309 941 2368 Antonium
953 2307 1133 2366 triumvirum

132 2392 227 2450 aureis
246 2408 328 2450 usum
342 2393 420 2452 vasis
436 2393 465 2450 in
488 2391 618 2452 omnibus
638 2393 775 2452 obscenis
800 2391 971 2470 desideriis,
993 2390 1131 2469 pudendo
1144 2413 1172 2452 aa

133 2475 251 2534 crimine
285 2476 369 2535 etiam
392 2473 576 2552 Cleopatrae.
621 2493 727 2536 summa
747 2477 821 2554 apud
845 2483 965 2536 exteros
993 2475 1131 2534 licentiae

132 2558 227 2616 luerat
241 2556 404 2637 Philippum
421 2576 522 2635 regem
540 2558 646 2636 poculo
669 2577 759 2620 aureo
780 2559 905 2637 pulvinis
929 2559 1045 2619 subdito
1063 2559 1131 2618 dor·

131 2641 204 2699 mire
223 2640 350 2718 solitum,
365 2641 534 2718 Hagnonem
547 2642 647 2704 'l'eium
659 2642 817 2702 Alexandri
833 2642 929 2720 Magni
949 2643 1130 2722 praelectum

132 2726 236 2784 aureis·
257 2724 346 2785 clavis
372 2726 511 2803 suffigere
533 2727 676 2804 crepidas.
717 2727 860 2787 Antonius
889 2726 999 2806 sophus
1028 2736 1130 2787 contu·

135 2808 220 2868 melia
238 2817 356 2869 naturae
372 2809 512 2869 vilitatem
533 2828 604 2871 auro
620 2812 700 2872 fecit.
734 2828 751 2871 o
768 2811 883 2890 dignum
899 2813 1130 2890 proscriptione,
1142 2837 1171 2880 30

131 2893 183 2954 sed
200 2892 346 2972 Spartaci!

88 2989 119 3040 51
196 2978 276 3055 (15.)
299 2976 439 3057 Equidem
458 2980 546 3039 miror
562 2979 699 3058 populum
715 2979 871 3039 Romanum
888 2980 972 3040 victis
989 2979 1129 3055 gentibus

129 3063 159 3120 in
181 3061 289 3120 tributo
313 3080 429 3140 semper
454 3073 604 3140 argeutum
624 3065 803 3141 imperasse,
827 3081 884 3148 pou
911 3081 1025 3138 aurum,
1053 3065 1130 3123 sieut

131 3140 296 3222 Carthagini
313 3165 376 3205 oum
389 3144 548 3207 Hannibale
560 3149 654 3207 victae
670 3149 836 3225 octingenta
847 3147 935 3224 milia,
949 3150 1012 3218 x‘Vi
1030 3146 1128 3226 pondo

129 3246 220 3288 annua
244 3231 273 3288 in
295 3231 500 3309 quinquaginta
521 3249 630 3308 annos,
652 3232 720 3291 nihil
742 3233 813 3291 auri.
846 3251 901 3292 uec
915 3241 1015 3312 potest
1032 3231 1167 3296 viderier

131 3314 268 3388 paenuria
289 3314 382 3373 mundi
403 3313 431 3375 id
453 3319 600 3376 evenisse.
638 3317 693 3374 iam
713 3315 804 3376 blidas
827 3325 857 3376 et
882 3313 1011 3378 Croesus
1034 3317 1128 3376 inlini·

19 3393 23 3400 '
131 3405 188 3454 tum
218 3397 428 3476 possederant,
461 3402 515 3460 ianr
538 3400 630 3478 Cyrus
660 3400 773 3460 devicta
794 3401 865 3460 Asia
891 3402 988 3479 pondo
1016 3402 1129 3468 ffnn

82 3557 85 3564 ι
130 3481 283 3540 invenerat
299 3491 418 3570 praetpr
441 3502 510 3543 vasa
534 3503 690 3563 aurumque
712 3485 817 3543 lactum
838 3493 868 3544 et
884 3487 913 3544 iu
933 3503 970 3546 ec
997 3485 1128 3546 foliatam
