<?xml version="1.0" encoding="UTF-8"?>
<!DOCTYPE html PUBLIC "-//W3C//DTD XHTML 1.0 Transitional//EN"
    "http://www.w3.org/TR/xhtml1/DTD/xhtml1-transitional.dtd">
<html xmlns="http://www.w3.org/1999/xhtml" xml:lang="en" lang="en">
 <head>
  <title>
</title>
<meta http-equiv="Content-Type" content="text/html;charset=utf-8" />
  <meta name='ocr-system' content='tesseract 3.04.00' />
  <meta name='ocr-capabilities' content='ocr_page ocr_carea ocr_par ocr_line ocrx_word'/>
</head>
<body>
  <div class='ocr_page' id='page_1' title='image "./naturalishistor01plingoog/naturalishistor01plingoog_0192.png"; bbox 0 0 2510 3898; ppageno 0'>
   <div class='ocr_carea' id='block_1_1' title="bbox 144 227 797 288">
    <p class='ocr_par' dir='ltr' id='par_1_1' title="bbox 144 227 797 288">
     <span class='ocr_line' id='line_1_1' title="bbox 144 227 797 288; baseline -0.011 -1"><span class='ocrx_word' id='word_1_1' title='bbox 144 227 183 288; x_wconf 84' lang='lat'><strong>78</strong></span> <span class='ocrx_word' id='word_1_2' title='bbox 491 235 521 284; x_wconf 85' lang='lat' dir='ltr'><strong>c.</strong></span> <span class='ocrx_word' id='word_1_3' title='bbox 538 235 633 283; x_wconf 80' lang='lat' dir='ltr'><strong>ruint</strong></span> <span class='ocrx_word' id='word_1_4' title='bbox 647 233 797 283; x_wconf 80' lang='lat' dir='ltr'><strong>saeuum</strong></span> 
     </span>
    </p>
   </div>
   <div class='ocr_carea' id='block_1_2' title="bbox 31 390 1208 3612">
    <p class='ocr_par' dir='ltr' id='par_1_2' title="bbox 100 390 1199 1234">
     <span class='ocr_line' id='line_1_2' title="bbox 143 390 1159 470; baseline -0.004 -16"><span class='ocrx_word' id='word_1_5' title='bbox 143 395 305 456; x_wconf 88' lang='lat' dir='ltr'><strong>institutum</strong></span> <span class='ocrx_word' id='word_1_6' title='bbox 320 401 366 454; x_wconf 90' lang='lat' dir='ltr'><strong>est</strong></span> <span class='ocrx_word' id='word_1_7' title='bbox 379 391 511 452; x_wconf 82' lang='lat' dir='ltr'><strong>Corinthi</strong></span> <span class='ocrx_word' id='word_1_8' title='bbox 527 409 560 453; x_wconf 92' lang='lat' dir='ltr'><strong>ac</strong></span> <span class='ocrx_word' id='word_1_9' title='bbox 573 390 714 470; x_wconf 90' lang='lat' dir='ltr'><strong>Delphis,</strong></span> <span class='ocrx_word' id='word_1_10' title='bbox 733 390 900 469; x_wconf 88' lang='lat' dir='ltr'><strong>primusque</strong></span> <span class='ocrx_word' id='word_1_11' title='bbox 917 390 1041 450; x_wconf 93' lang='lat' dir='ltr'><strong>omnium</strong></span> <span class='ocrx_word' id='word_1_12' title='bbox 1057 398 1159 452; x_wconf 88' lang='lat' dir='ltr'><strong>certa-</strong></span> 
     </span>
     <span class='ocr_line' id='line_1_3' title="bbox 145 473 1158 555; baseline -0.001 -18"><span class='ocrx_word' id='word_1_13' title='bbox 145 483 186 538; x_wconf 85' lang='lat' dir='ltr'><strong>vit</strong></span> <span class='ocrx_word' id='word_1_14' title='bbox 211 497 274 539; x_wconf 94' lang='lat' dir='ltr'><strong>cum</strong></span> <span class='ocrx_word' id='word_1_15' title='bbox 296 476 451 555; x_wconf 79' lang='lat' dir='ltr'>Timagora</span> <span class='ocrx_word' id='word_1_16' title='bbox 474 474 685 553; x_wconf 85' lang='lat' dir='ltr'><strong>Chalcidense,</strong></span> <span class='ocrx_word' id='word_1_17' title='bbox 716 484 870 554; x_wconf 90' lang='lat' dir='ltr'><strong>superatus</strong></span> <span class='ocrx_word' id='word_1_18' title='bbox 899 474 935 534; x_wconf 89' lang='lat' dir='ltr'><strong>ab</strong></span> <span class='ocrx_word' id='word_1_19' title='bbox 959 492 996 536; x_wconf 93' lang='lat' dir='ltr'><strong>eo</strong></span> <span class='ocrx_word' id='word_1_20' title='bbox 1025 473 1158 552; x_wconf 91' lang='lat' dir='ltr'><strong>Pythiis,</strong></span> 
     </span>
     <span class='ocr_line' id='line_1_4' title="bbox 145 557 1158 643; baseline -0.005 -20"><span class='ocrx_word' id='word_1_21' title='bbox 145 564 221 643; x_wconf 88' lang='lat' dir='ltr'><strong>quod</strong></span> <span class='ocrx_word' id='word_1_22' title='bbox 239 572 268 622; x_wconf 92' lang='lat' dir='ltr'><strong>et</strong></span> <span class='ocrx_word' id='word_1_23' title='bbox 285 564 377 642; x_wconf 91' lang='lat' dir='ltr'><strong>ipsius</strong></span> <span class='ocrx_word' id='word_1_24' title='bbox 397 561 570 639; x_wconf 79' lang='lat' dir='ltr'><strong>Timagorae</strong></span> <span class='ocrx_word' id='word_1_25' title='bbox 586 562 712 622; x_wconf 80' lang='lat' dir='ltr'><strong>carmine</strong></span> <span class='ocrx_word' id='word_1_26' title='bbox 729 567 847 620; x_wconf 89' lang='lat' dir='ltr'><strong>vetusto</strong></span> <span class='ocrx_word' id='word_1_27' title='bbox 864 559 984 639; x_wconf 87' lang='lat' dir='ltr'><strong>adparet</strong></span> <span class='ocrx_word' id='word_1_28' title='bbox 998 557 1158 620; x_wconf 89' lang='lat' dir='ltr'><strong>chronico-</strong></span> 
     </span>
     <span class='ocr_line' id='line_1_5' title="bbox 145 643 1158 724; baseline -0.005 -15"><span class='ocrx_word' id='word_1_29' title='bbox 145 666 207 709; x_wconf 92' lang='lat' dir='ltr'><strong>rum</strong></span> <span class='ocrx_word' id='word_1_30' title='bbox 223 666 327 709; x_wconf 90' lang='lat' dir='ltr'><strong>errore</strong></span> <span class='ocrx_word' id='word_1_31' title='bbox 342 663 401 706; x_wconf 90' lang='lat' dir='ltr'><strong>nou</strong></span> <span class='ocrx_word' id='word_1_32' title='bbox 416 645 514 707; x_wconf 93' lang='lat' dir='ltr'><strong>dubio.</strong></span> <span class='ocrx_word' id='word_1_33' title='bbox 546 646 605 706; x_wconf 80' lang='lat' dir='ltr'><strong>Alii</strong></span> <span class='ocrx_word' id='word_1_34' title='bbox 622 663 739 724; x_wconf 87' lang='lat' dir='ltr'><strong>quoque</strong></span> <span class='ocrx_word' id='word_1_35' title='bbox 756 653 824 723; x_wconf 95' lang='lat' dir='ltr'><strong>post</strong></span> <span class='ocrx_word' id='word_1_36' title='bbox 835 643 889 704; x_wconf 93' lang='lat' dir='ltr'><strong>hos</strong></span> <span class='ocrx_word' id='word_1_37' title='bbox 902 643 971 704; x_wconf 89' lang='lat' dir='ltr'><strong>clari</strong></span> <span class='ocrx_word' id='word_1_38' title='bbox 984 645 1069 704; x_wconf 86' lang='lat' dir='ltr'><strong>luere</strong></span> <span class='ocrx_word' id='word_1_39' title='bbox 1083 651 1158 704; x_wconf 86' lang='lat' dir='ltr'><strong>aute</strong></span> 
     </span>
     <span class='ocr_line' id='line_1_6' title="bbox 144 728 1184 811; baseline -0.005 -18"><span class='ocrx_word' id='word_1_40' title='bbox 144 735 361 811; x_wconf 80' lang='lat' dir='ltr'>nonagesimam</span> <span class='ocrx_word' id='word_1_41' title='bbox 389 729 598 810; x_wconf 73' lang='lat' dir='ltr'><strong>olympiadem,</strong></span> <span class='ocrx_word' id='word_1_42' title='bbox 630 731 705 791; x_wconf 91' lang='lat' dir='ltr'><strong>sicut</strong></span> <span class='ocrx_word' id='word_1_43' title='bbox 732 729 914 808; x_wconf 77' lang='lat' dir='ltr'>Polygnotus</span> <span class='ocrx_word' id='word_1_44' title='bbox 942 728 1064 789; x_wconf 79' lang='lat' dir='ltr'><strong>Thasius</strong></span> <span class='ocrx_word' id='word_1_45' title='bbox 1102 729 1184 807; x_wconf 83' lang='lat' dir='ltr'><strong>quis</strong></span> 
     </span>
     <span class='ocr_line' id='line_1_7' title="bbox 144 813 1157 897; baseline -0.003 -20"><span class='ocrx_word' id='word_1_46' title='bbox 144 818 252 897; x_wconf 91' lang='lat' dir='ltr'><strong>primus</strong></span> <span class='ocrx_word' id='word_1_47' title='bbox 275 817 414 876; x_wconf 91' lang='lat' dir='ltr'><strong>mulieres</strong></span> <span class='ocrx_word' id='word_1_48' title='bbox 435 816 575 876; x_wconf 91' lang='lat' dir='ltr'><strong>tralucida</strong></span> <span class='ocrx_word' id='word_1_49' title='bbox 592 824 678 876; x_wconf 90' lang='lat' dir='ltr'><strong>veste</strong></span> <span class='ocrx_word' id='word_1_50' title='bbox 699 815 810 894; x_wconf 79' lang='lat' dir='ltr'><strong>pinxit,</strong></span> <span class='ocrx_word' id='word_1_51' title='bbox 833 815 927 894; x_wconf 90' lang='lat' dir='ltr'><strong>capita</strong></span> <span class='ocrx_word' id='word_1_52' title='bbox 943 831 1041 874; x_wconf 90' lang='lat' dir='ltr'><strong>earum</strong></span> <span class='ocrx_word' id='word_1_53' title='bbox 1056 813 1157 874; x_wconf 90' lang='lat' dir='ltr'><strong>mitris</strong></span> 
     </span>
     <span class='ocr_line' id='line_1_8' title="bbox 144 900 1158 980; baseline -0.004 -18"><span class='ocrx_word' id='word_1_54' title='bbox 144 901 376 962; x_wconf 83' lang='lat' dir='ltr'><strong>versicoloribus</strong></span> <span class='ocrx_word' id='word_1_55' title='bbox 398 901 515 979; x_wconf 88' lang='lat' dir='ltr'><strong>operuit</strong></span> <span class='ocrx_word' id='word_1_56' title='bbox 533 901 751 980; x_wconf 88' lang='lat' dir='ltr'><strong>plurumumque</strong></span> <span class='ocrx_word' id='word_1_57' title='bbox 769 900 900 978; x_wconf 76' lang='lat' dir='ltr'><strong>picturae</strong></span> <span class='ocrx_word' id='word_1_58' title='bbox 923 901 1030 978; x_wconf 92' lang='lat' dir='ltr'><strong>primus</strong></span> <span class='ocrx_word' id='word_1_59' title='bbox 1050 906 1158 959; x_wconf 89' lang='lat' dir='ltr'><strong>contu·</strong></span> 
     </span>
     <span class='ocr_line' id='line_1_9' title="bbox 143 983 1157 1064; baseline -0.005 -17"><span class='ocrx_word' id='word_1_60' title='bbox 143 987 193 1063; x_wconf 92' lang='lat' dir='ltr'><strong>lit,</strong></span> <span class='ocrx_word' id='word_1_61' title='bbox 215 985 358 1064; x_wconf 87' lang='lat' dir='ltr'><strong>siquidem</strong></span> <span class='ocrx_word' id='word_1_62' title='bbox 379 986 503 1046; x_wconf 90' lang='lat' dir='ltr'><strong>instituit</strong></span> <span class='ocrx_word' id='word_1_63' title='bbox 522 1002 555 1046; x_wconf 93' lang='lat' dir='ltr'><strong>os</strong></span> <span class='ocrx_word' id='word_1_64' title='bbox 578 983 750 1064; x_wconf 85' lang='lat' dir='ltr'><strong>adaperire,</strong></span> <span class='ocrx_word' id='word_1_65' title='bbox 772 984 867 1044; x_wconf 92' lang='lat' dir='ltr'><strong>dentis</strong></span> <span class='ocrx_word' id='word_1_66' title='bbox 893 983 1070 1060; x_wconf 84' lang='lat' dir='ltr'><strong>ostendere,</strong></span> <span class='ocrx_word' id='word_1_67' title='bbox 1088 983 1157 1042; x_wconf 86' lang='lat' dir='ltr'><strong>rol-</strong></span> 
     </span>
     <span class='ocr_line' id='line_1_10' title="bbox 100 1067 1156 1149; baseline -0.002 -19"><span class='ocrx_word' id='word_1_68' title='bbox 100 1080 205 1136; x_wconf 72' lang='lat' dir='ltr'><strong>eutum</strong></span> <span class='ocrx_word' id='word_1_69' title='bbox 220 1070 256 1130; x_wconf 92' lang='lat' dir='ltr'><strong>ab</strong></span> <span class='ocrx_word' id='word_1_70' title='bbox 274 1071 392 1149; x_wconf 89' lang='lat' dir='ltr'><strong>antiquo</strong></span> <span class='ocrx_word' id='word_1_71' title='bbox 410 1071 512 1147; x_wconf 88' lang='lat' dir='ltr'><strong>rigore</strong></span> <span class='ocrx_word' id='word_1_72' title='bbox 529 1071 651 1130; x_wconf 89' lang='lat' dir='ltr'><strong>variare.</strong></span> <span class='ocrx_word' id='word_1_73' title='bbox 695 1067 786 1129; x_wconf 89' lang='lat' dir='ltr'><strong>lluius</strong></span> <span class='ocrx_word' id='word_1_74' title='bbox 806 1077 851 1128; x_wconf 89' lang='lat' dir='ltr'><strong>est</strong></span> <span class='ocrx_word' id='word_1_75' title='bbox 871 1068 968 1128; x_wconf 89' lang='lat' dir='ltr'><strong>tabula</strong></span> <span class='ocrx_word' id='word_1_76' title='bbox 988 1069 1017 1128; x_wconf 93' lang='lat' dir='ltr'><strong>iu</strong></span> <span class='ocrx_word' id='word_1_77' title='bbox 1035 1069 1156 1146; x_wconf 89' lang='lat' dir='ltr'><strong>porticu</strong></span> 
     </span>
     <span class='ocr_line' id='line_1_11' title="bbox 143 1152 1199 1234; baseline -0.005 -19"><span class='ocrx_word' id='word_1_78' title='bbox 143 1154 282 1234; x_wconf 87' lang='lat' dir='ltr'><strong>Pompei,</strong></span> <span class='ocrx_word' id='word_1_79' title='bbox 308 1173 383 1233; x_wconf 89' lang='lat' dir='ltr'><strong>quae</strong></span> <span class='ocrx_word' id='word_1_80' title='bbox 400 1163 467 1215; x_wconf 91' lang='lat' dir='ltr'><strong>ante</strong></span> <span class='ocrx_word' id='word_1_81' title='bbox 488 1155 594 1214; x_wconf 89' lang='lat' dir='ltr'><strong>curiam</strong></span> <span class='ocrx_word' id='word_1_82' title='bbox 612 1155 675 1215; x_wconf 91' lang='lat' dir='ltr'><strong>eius</strong></span> <span class='ocrx_word' id='word_1_83' title='bbox 696 1155 810 1230; x_wconf 85' lang='lat' dir='ltr'><strong>fuerat,</strong></span> <span class='ocrx_word' id='word_1_84' title='bbox 828 1153 856 1212; x_wconf 93' lang='lat' dir='ltr'><strong>in</strong></span> <span class='ocrx_word' id='word_1_85' title='bbox 876 1169 931 1230; x_wconf 89' lang='lat' dir='ltr'><strong>qua</strong></span> <span class='ocrx_word' id='word_1_86' title='bbox 954 1152 1100 1213; x_wconf 88' lang='lat' dir='ltr'><strong>dubitatur</strong></span> <span class='ocrx_word' id='word_1_87' title='bbox 1115 1167 1199 1212; x_wconf 81' lang='lat' dir='ltr'><strong>anno</strong></span> 
     </span>
    </p>

    <p class='ocr_par' dir='ltr' id='par_1_3' title="bbox 105 1233 1196 1827">
     <span class='ocr_line' id='line_1_12' title="bbox 105 1233 1155 1318; baseline -0.004 -18"><span class='ocrx_word' id='word_1_88' title='bbox 105 1233 111 1240; x_wconf 79' lang='grc'><strong>’</strong></span> <span class='ocrx_word' id='word_1_89' title='bbox 144 1239 350 1301; x_wconf 91' lang='lat' dir='ltr'><strong>ascendentem</strong></span> <span class='ocrx_word' id='word_1_90' title='bbox 364 1257 428 1300; x_wconf 93' lang='lat' dir='ltr'><strong>oum</strong></span> <span class='ocrx_word' id='word_1_91' title='bbox 445 1237 543 1318; x_wconf 84' lang='lat' dir='ltr'><strong>clipeo</strong></span> <span class='ocrx_word' id='word_1_92' title='bbox 561 1240 690 1318; x_wconf 82' lang='lat' dir='ltr'><strong>pinxerit</strong></span> <span class='ocrx_word' id='word_1_93' title='bbox 705 1256 741 1299; x_wconf 90' lang='lat' dir='ltr'><strong>au</strong></span> <span class='ocrx_word' id='word_1_94' title='bbox 753 1235 990 1298; x_wconf 87' lang='lat' dir='ltr'><strong>descendentem.</strong></span> <span class='ocrx_word' id='word_1_95' title='bbox 1023 1237 1069 1297; x_wconf 93' lang='lat' dir='ltr'><strong>hic</strong></span> <span class='ocrx_word' id='word_1_96' title='bbox 1080 1235 1155 1297; x_wconf 92' lang='lat' dir='ltr'><strong>Del-</strong></span> 
     </span>
     <span class='ocr_line' id='line_1_13' title="bbox 143 1320 1155 1404; baseline -0.002 -20"><span class='ocrx_word' id='word_1_97' title='bbox 143 1324 208 1404; x_wconf 90' lang='lat' dir='ltr'><strong>phis</strong></span> <span class='ocrx_word' id='word_1_98' title='bbox 220 1323 323 1386; x_wconf 90' lang='lat' dir='ltr'><strong>aedem</strong></span> <span class='ocrx_word' id='word_1_99' title='bbox 338 1325 449 1403; x_wconf 86' lang='lat' dir='ltr'><strong>pinxit,</strong></span> <span class='ocrx_word' id='word_1_100' title='bbox 464 1323 511 1384; x_wconf 92' lang='lat' dir='ltr'><strong>hic</strong></span> <span class='ocrx_word' id='word_1_101' title='bbox 526 1331 557 1385; x_wconf 93' lang='lat' dir='ltr'><strong>et</strong></span> <span class='ocrx_word' id='word_1_102' title='bbox 572 1323 696 1384; x_wconf 81' lang='lat' dir='ltr'><strong>Athenis</strong></span> <span class='ocrx_word' id='word_1_103' title='bbox 714 1324 855 1401; x_wconf 90' lang='lat' dir='ltr'><strong>porticum</strong></span> <span class='ocrx_word' id='word_1_104' title='bbox 870 1339 945 1400; x_wconf 89' lang='lat' dir='ltr'><strong>quae</strong></span> <span class='ocrx_word' id='word_1_105' title='bbox 962 1320 1082 1382; x_wconf 83' lang='lat' dir='ltr'><strong>Poecile</strong></span> <span class='ocrx_word' id='word_1_106' title='bbox 1099 1339 1155 1382; x_wconf 85' lang='lat' dir='ltr'><strong>ro·</strong></span> 
     </span>
     <span class='ocr_line' id='line_1_14' title="bbox 143 1405 1153 1488; baseline -0.003 -18"><span class='ocrx_word' id='word_1_107' title='bbox 143 1418 225 1470; x_wconf 88' lang='lat' dir='ltr'><strong>catur</strong></span> <span class='ocrx_word' id='word_1_108' title='bbox 246 1411 392 1488; x_wconf 90' lang='lat' dir='ltr'><strong>gratuito,</strong></span> <span class='ocrx_word' id='word_1_109' title='bbox 423 1427 486 1469; x_wconf 91' lang='lat' dir='ltr'><strong>cum</strong></span> <span class='ocrx_word' id='word_1_110' title='bbox 509 1417 621 1488; x_wconf 90' lang='lat' dir='ltr'><strong>partem</strong></span> <span class='ocrx_word' id='word_1_111' title='bbox 643 1409 706 1468; x_wconf 91' lang='lat' dir='ltr'><strong>eius</strong></span> <span class='ocrx_word' id='word_1_112' title='bbox 721 1407 818 1467; x_wconf 81' lang='lat' dir='ltr'><strong>Micon</strong></span> <span class='ocrx_word' id='word_1_113' title='bbox 839 1405 977 1467; x_wconf 88' lang='lat' dir='ltr'><strong>mercede</strong></span> <span class='ocrx_word' id='word_1_114' title='bbox 1001 1408 1153 1484; x_wconf 83' lang='lat' dir='ltr'><strong>pingeret.</strong></span> 
     </span>
     <span class='ocr_line' id='line_1_15' title="bbox 143 1491 1155 1572; baseline -0.003 -19"><span class='ocrx_word' id='word_1_115' title='bbox 143 1494 192 1556; x_wconf 90' lang='lat' dir='ltr'><strong>vel</strong></span> <span class='ocrx_word' id='word_1_116' title='bbox 210 1495 302 1555; x_wconf 92' lang='lat' dir='ltr'><strong>maior</strong></span> <span class='ocrx_word' id='word_1_117' title='bbox 317 1495 383 1555; x_wconf 92' lang='lat' dir='ltr'><strong>huic</strong></span> <span class='ocrx_word' id='word_1_118' title='bbox 398 1495 569 1570; x_wconf 83' lang='lat' dir='ltr'><strong>auctoritas,</strong></span> <span class='ocrx_word' id='word_1_119' title='bbox 588 1491 730 1572; x_wconf 91' lang='lat' dir='ltr'><strong>siquidem</strong></span> <span class='ocrx_word' id='word_1_120' title='bbox 746 1491 996 1571; x_wconf 78' lang='lat' dir='ltr'><strong>Amphictyones,</strong></span> <span class='ocrx_word' id='word_1_121' title='bbox 1011 1491 1088 1570; x_wconf 89' lang='lat' dir='ltr'><strong>quod</strong></span> <span class='ocrx_word' id='word_1_122' title='bbox 1104 1499 1155 1552; x_wconf 91' lang='lat' dir='ltr'><strong>est</strong></span> 
     </span>
     <span class='ocr_line' id='line_1_16' title="bbox 143 1575 1196 1658; baseline -0.002 -20"><span class='ocrx_word' id='word_1_123' title='bbox 143 1579 289 1658; x_wconf 89' lang='lat' dir='ltr'><strong>publicum</strong></span> <span class='ocrx_word' id='word_1_124' title='bbox 304 1578 445 1639; x_wconf 87' lang='lat' dir='ltr'><strong>Graeciae</strong></span> <span class='ocrx_word' id='word_1_125' title='bbox 461 1578 632 1655; x_wconf 87' lang='lat' dir='ltr'><strong>concilium,</strong></span> <span class='ocrx_word' id='word_1_126' title='bbox 647 1577 774 1657; x_wconf 88' lang='lat' dir='ltr'><strong>hospitia</strong></span> <span class='ocrx_word' id='word_1_127' title='bbox 790 1578 818 1637; x_wconf 91' lang='lat' dir='ltr'><strong>ei</strong></span> <span class='ocrx_word' id='word_1_128' title='bbox 833 1577 960 1655; x_wconf 88' lang='lat' dir='ltr'><strong>gratuita</strong></span> <span class='ocrx_word' id='word_1_129' title='bbox 975 1575 1196 1637; x_wconf 66' lang='lat' dir='ltr'><strong>decreveram</strong></span> 
     </span>
     <span class='ocr_line' id='line_1_17' title="bbox 143 1661 1153 1742; baseline -0.004 -17"><span class='ocrx_word' id='word_1_130' title='bbox 143 1663 209 1725; x_wconf 85' lang='lat' dir='ltr'><strong>Puit</strong></span> <span class='ocrx_word' id='word_1_131' title='bbox 223 1672 253 1724; x_wconf 90' lang='lat' dir='ltr'><strong>et</strong></span> <span class='ocrx_word' id='word_1_132' title='bbox 265 1663 336 1723; x_wconf 92' lang='lat' dir='ltr'><strong>alius</strong></span> <span class='ocrx_word' id='word_1_133' title='bbox 349 1662 446 1723; x_wconf 84' lang='lat' dir='ltr'><strong>Micon</strong></span> <span class='ocrx_word' id='word_1_134' title='bbox 459 1669 507 1742; x_wconf 89' lang='lat' dir='ltr'><strong>qui</strong></span> <span class='ocrx_word' id='word_1_135' title='bbox 523 1664 642 1724; x_wconf 91' lang='lat' dir='ltr'><strong>minoris</strong></span> <span class='ocrx_word' id='word_1_136' title='bbox 657 1663 831 1740; x_wconf 83' lang='lat' dir='ltr'><strong>cognomine</strong></span> <span class='ocrx_word' id='word_1_137' title='bbox 847 1661 1050 1741; x_wconf 83' lang='lat' dir='ltr'><strong>distinguitur,</strong></span> <span class='ocrx_word' id='word_1_138' title='bbox 1067 1662 1153 1722; x_wconf 87' lang='lat' dir='ltr'><strong>cuius</strong></span> 
     </span>
     <span class='ocr_line' id='line_1_18' title="bbox 144 1747 674 1827; baseline -0.004 -19"><span class='ocrx_word' id='word_1_139' title='bbox 144 1747 202 1808; x_wconf 90' lang='lat' dir='ltr'><strong>lilia</strong></span> <span class='ocrx_word' id='word_1_140' title='bbox 218 1747 365 1808; x_wconf 83' lang='lat' dir='ltr'><strong>Timarete</strong></span> <span class='ocrx_word' id='word_1_141' title='bbox 383 1757 412 1808; x_wconf 92' lang='lat' dir='ltr'><strong>et</strong></span> <span class='ocrx_word' id='word_1_142' title='bbox 428 1749 491 1827; x_wconf 88' lang='lat' dir='ltr'><strong>ipsa</strong></span> <span class='ocrx_word' id='word_1_143' title='bbox 507 1748 610 1826; x_wconf 78' lang='lat' dir='ltr'><strong>pinxit,</strong></span> <span class='ocrx_word' id='word_1_144' title='bbox 673 1773 674 1780; x_wconf 45' lang='lat'>¹</span> 
     </span>
    </p>

    <p class='ocr_par' dir='ltr' id='par_1_4' title="bbox 100 1830 1154 1997">
     <span class='ocr_line' id='line_1_19' title="bbox 100 1830 1154 1912; baseline -0.002 -18"><span class='ocrx_word' id='word_1_145' title='bbox 100 1843 135 1900; x_wconf 81' lang='lat'><strong>60</strong></span> <span class='ocrx_word' id='word_1_146' title='bbox 207 1831 273 1911; x_wconf 82' lang='lat'><strong>(36.</strong></span> <span class='ocrx_word' id='word_1_147' title='bbox 305 1831 346 1911; x_wconf 88' lang='lat' dir='ltr'><strong>l.)</strong></span> <span class='ocrx_word' id='word_1_148' title='bbox 371 1831 568 1910; x_wconf 90' lang='lat' dir='ltr'><strong>Nonagesima</strong></span> <span class='ocrx_word' id='word_1_149' title='bbox 601 1842 696 1894; x_wconf 90' lang='lat' dir='ltr'><strong>autem</strong></span> <span class='ocrx_word' id='word_1_150' title='bbox 730 1832 894 1912; x_wconf 73' lang='lat' dir='ltr'><strong>olympiade</strong></span> <span class='ocrx_word' id='word_1_151' title='bbox 923 1833 1008 1893; x_wconf 86' lang='lat' dir='ltr'><strong>fuere</strong></span> <span class='ocrx_word' id='word_1_152' title='bbox 1039 1830 1154 1909; x_wconf 84' lang='lat' dir='ltr'><strong>Aglao-</strong></span> 
     </span>
     <span class='ocr_line' id='line_1_20' title="bbox 143 1914 1153 1997; baseline -0.001 -20"><span class='ocrx_word' id='word_1_153' title='bbox 143 1916 232 1997; x_wconf 92' lang='lat' dir='ltr'><strong>phon,</strong></span> <span class='ocrx_word' id='word_1_154' title='bbox 246 1914 478 1996; x_wconf 72' lang='lat' dir='ltr'><strong>cephisodorus,</strong></span> <span class='ocrx_word' id='word_1_155' title='bbox 490 1916 615 1996; x_wconf 85' lang='lat' dir='ltr'><strong>Erillus,</strong></span> <span class='ocrx_word' id='word_1_156' title='bbox 628 1917 748 1978; x_wconf 84' lang='lat' dir='ltr'><strong>Euenor</strong></span> <span class='ocrx_word' id='word_1_157' title='bbox 763 1927 846 1996; x_wconf 91' lang='lat' dir='ltr'><strong>pater</strong></span> <span class='ocrx_word' id='word_1_158' title='bbox 857 1915 1003 1978; x_wconf 88' lang='lat' dir='ltr'><strong>Parrhasii</strong></span> <span class='ocrx_word' id='word_1_159' title='bbox 1021 1926 1153 1996; x_wconf 87' lang='lat' dir='ltr'><strong>etprae-</strong></span> 
     </span>
    </p>

    <p class='ocr_par' dir='ltr' id='par_1_5' title="bbox 110 2000 1197 2591">
     <span class='ocr_line' id='line_1_21' title="bbox 110 2000 1197 2082; baseline 0.005 -24"><span class='ocrx_word' id='word_1_160' title='bbox 110 2024 133 2058; x_wconf 67' lang='grc' dir='ltr'><em>ω</em></span> <span class='ocrx_word' id='word_1_161' title='bbox 146 2010 250 2080; x_wconf 91' lang='lat' dir='ltr'><strong>ceptor</strong></span> <span class='ocrx_word' id='word_1_162' title='bbox 268 2003 390 2078; x_wconf 78' lang='lat' dir='ltr'><strong>tnaxumi</strong></span> <span class='ocrx_word' id='word_1_163' title='bbox 413 2003 535 2080; x_wconf 93' lang='lat' dir='ltr'><strong>pictoris</strong></span> <span class='ocrx_word' id='word_1_164' title='bbox 557 2000 592 2062; x_wconf 95' lang='lat' dir='ltr'><strong>de</strong></span> <span class='ocrx_word' id='word_1_165' title='bbox 611 2020 669 2082; x_wconf 88' lang='lat' dir='ltr'><strong>quo</strong></span> <span class='ocrx_word' id='word_1_166' title='bbox 693 2003 753 2062; x_wconf 90' lang='lat' dir='ltr'><strong>suis</strong></span> <span class='ocrx_word' id='word_1_167' title='bbox 772 2005 853 2062; x_wconf 89' lang='lat' dir='ltr'><strong>annis</strong></span> <span class='ocrx_word' id='word_1_168' title='bbox 878 2001 1023 2078; x_wconf 88' lang='lat' dir='ltr'><strong>dicemus,</strong></span> <span class='ocrx_word' id='word_1_169' title='bbox 1049 2019 1197 2063; x_wconf 79' lang='lat' dir='ltr'><strong>omnesao</strong></span> 
     </span>
     <span class='ocr_line' id='line_1_22' title="bbox 143 2086 1154 2166; baseline 0 -20"><span class='ocrx_word' id='word_1_170' title='bbox 143 2089 198 2146; x_wconf 89' lang='lat' dir='ltr'><strong>iam</strong></span> <span class='ocrx_word' id='word_1_171' title='bbox 213 2086 364 2164; x_wconf 92' lang='lat' dir='ltr'><strong>inlustres,</strong></span> <span class='ocrx_word' id='word_1_172' title='bbox 381 2103 439 2146; x_wconf 94' lang='lat' dir='ltr'><strong>nou</strong></span> <span class='ocrx_word' id='word_1_173' title='bbox 456 2094 552 2147; x_wconf 91' lang='lat' dir='ltr'><strong>tamen</strong></span> <span class='ocrx_word' id='word_1_174' title='bbox 568 2089 597 2147; x_wconf 90' lang='lat' dir='ltr'><strong>in</strong></span> <span class='ocrx_word' id='word_1_175' title='bbox 613 2087 717 2166; x_wconf 91' lang='lat' dir='ltr'><strong>quibus</strong></span> <span class='ocrx_word' id='word_1_176' title='bbox 733 2086 858 2148; x_wconf 90' lang='lat' dir='ltr'><strong>haerere</strong></span> <span class='ocrx_word' id='word_1_177' title='bbox 876 2089 1025 2165; x_wconf 89' lang='lat' dir='ltr'><strong>expositio</strong></span> <span class='ocrx_word' id='word_1_178' title='bbox 1042 2086 1154 2147; x_wconf 88' lang='lat' dir='ltr'><strong>debeat</strong></span> 
     </span>
     <span class='ocr_line' id='line_1_23' title="bbox 141 2170 1153 2251; baseline 0 -19"><span class='ocrx_word' id='word_1_179' title='bbox 141 2173 283 2233; x_wconf 90' lang='lat' dir='ltr'><strong>iestiuans</strong></span> <span class='ocrx_word' id='word_1_180' title='bbox 305 2171 340 2231; x_wconf 91' lang='lat' dir='ltr'><strong>ad</strong></span> <span class='ocrx_word' id='word_1_181' title='bbox 364 2170 469 2230; x_wconf 92' lang='lat' dir='ltr'><strong>lumina</strong></span> <span class='ocrx_word' id='word_1_182' title='bbox 485 2173 555 2231; x_wconf 91' lang='lat' dir='ltr'><strong>artis</strong></span> <span class='ocrx_word' id='word_1_183' title='bbox 579 2171 732 2250; x_wconf 88' lang='lat' dir='ltr'><strong>inquibus</strong></span> <span class='ocrx_word' id='word_1_184' title='bbox 756 2173 863 2251; x_wconf 93' lang='lat' dir='ltr'><strong>primus</strong></span> <span class='ocrx_word' id='word_1_185' title='bbox 886 2172 1003 2233; x_wconf 84' lang='lat' dir='ltr'><strong>refulsit</strong></span> <span class='ocrx_word' id='word_1_186' title='bbox 1026 2171 1153 2251; x_wconf 82' lang='lat' dir='ltr'><strong>Apollo-</strong></span> 
     </span>
     <span class='ocr_line' id='line_1_24' title="bbox 142 2254 1153 2337; baseline 0 -20"><span class='ocrx_word' id='word_1_187' title='bbox 142 2257 229 2317; x_wconf 89' lang='lat' dir='ltr'><strong>dorus</strong></span> <span class='ocrx_word' id='word_1_188' title='bbox 251 2256 443 2317; x_wconf 83' lang='lat' dir='ltr'><strong>Atheniensis</strong></span> <span class='ocrx_word' id='word_1_189' title='bbox 462 2254 650 2316; x_wconf 89' lang='lat' dir='ltr'><strong>LXXXXlll.</strong></span> <span class='ocrx_word' id='word_1_190' title='bbox 668 2257 844 2337; x_wconf 77' lang='lat' dir='ltr'><strong>olympiade.</strong></span> <span class='ocrx_word' id='word_1_191' title='bbox 877 2255 930 2318; x_wconf 87' lang='lat' dir='ltr'><strong>llic</strong></span> <span class='ocrx_word' id='word_1_192' title='bbox 951 2258 1060 2336; x_wconf 89' lang='lat' dir='ltr'><strong>primus</strong></span> <span class='ocrx_word' id='word_1_193' title='bbox 1083 2275 1153 2336; x_wconf 90' lang='lat' dir='ltr'><strong>spe·</strong></span> 
     </span>
     <span class='ocr_line' id='line_1_25' title="bbox 142 2341 1151 2422; baseline 0 -20"><span class='ocrx_word' id='word_1_194' title='bbox 142 2343 203 2402; x_wconf 91' lang='lat' dir='ltr'><strong>cies</strong></span> <span class='ocrx_word' id='word_1_195' title='bbox 234 2343 399 2422; x_wconf 88' lang='lat' dir='ltr'><strong>exprimere</strong></span> <span class='ocrx_word' id='word_1_196' title='bbox 427 2343 551 2401; x_wconf 93' lang='lat' dir='ltr'><strong>instituit</strong></span> <span class='ocrx_word' id='word_1_197' title='bbox 574 2344 740 2421; x_wconf 90' lang='lat' dir='ltr'><strong>primusque</strong></span> <span class='ocrx_word' id='word_1_198' title='bbox 768 2341 893 2421; x_wconf 90' lang='lat' dir='ltr'><strong>gloriam</strong></span> <span class='ocrx_word' id='word_1_199' title='bbox 921 2341 1060 2422; x_wconf 89' lang='lat' dir='ltr'><strong>penicillo</strong></span> <span class='ocrx_word' id='word_1_200' title='bbox 1084 2343 1151 2402; x_wconf 92' lang='lat' dir='ltr'><strong>iure</strong></span> 
     </span>
     <span class='ocr_line' id='line_1_26' title="bbox 141 2425 1193 2504; baseline 0.006 -18"><span class='ocrx_word' id='word_1_201' title='bbox 141 2427 273 2488; x_wconf 90' lang='lat' dir='ltr'><strong>contulit.</strong></span> <span class='ocrx_word' id='word_1_202' title='bbox 303 2428 366 2487; x_wconf 91' lang='lat' dir='ltr'><strong>eius</strong></span> <span class='ocrx_word' id='word_1_203' title='bbox 380 2435 425 2487; x_wconf 93' lang='lat' dir='ltr'><strong>est</strong></span> <span class='ocrx_word' id='word_1_204' title='bbox 439 2425 578 2488; x_wconf 90' lang='lat' dir='ltr'><strong>sacerdos</strong></span> <span class='ocrx_word' id='word_1_205' title='bbox 590 2426 714 2487; x_wconf 89' lang='lat' dir='ltr'><strong>adorans</strong></span> <span class='ocrx_word' id='word_1_206' title='bbox 727 2436 757 2488; x_wconf 90' lang='lat' dir='ltr'><strong>et</strong></span> <span class='ocrx_word' id='word_1_207' title='bbox 773 2428 849 2488; x_wconf 81' lang='lat' dir='ltr'><strong>Aiax</strong></span> <span class='ocrx_word' id='word_1_208' title='bbox 864 2427 984 2488; x_wconf 89' lang='lat' dir='ltr'><strong>iulmiue</strong></span> <span class='ocrx_word' id='word_1_209' title='bbox 999 2430 1149 2504; x_wconf 89' lang='lat' dir='ltr'><strong>incensus,</strong></span> <span class='ocrx_word' id='word_1_210' title='bbox 1162 2452 1193 2493; x_wconf 81' lang='lat' dir='ltr'><strong>aa</strong></span> 
     </span>
     <span class='ocr_line' id='line_1_27' title="bbox 141 2511 1149 2591; baseline 0.001 -20"><span class='ocrx_word' id='word_1_211' title='bbox 141 2531 215 2590; x_wconf 82' lang='lat' dir='ltr'><strong>quae</strong></span> <span class='ocrx_word' id='word_1_212' title='bbox 230 2512 363 2591; x_wconf 89' lang='lat' dir='ltr'><strong>Pergami</strong></span> <span class='ocrx_word' id='word_1_213' title='bbox 380 2520 529 2591; x_wconf 88' lang='lat' dir='ltr'><strong>spectatur</strong></span> <span class='ocrx_word' id='word_1_214' title='bbox 544 2511 642 2573; x_wconf 92' lang='lat' dir='ltr'><strong>hodie.</strong></span> <span class='ocrx_word' id='word_1_215' title='bbox 674 2530 770 2591; x_wconf 89' lang='lat' dir='ltr'><strong>neque</strong></span> <span class='ocrx_word' id='word_1_216' title='bbox 787 2521 854 2574; x_wconf 89' lang='lat' dir='ltr'><strong>aute</strong></span> <span class='ocrx_word' id='word_1_217' title='bbox 870 2531 935 2573; x_wconf 93' lang='lat' dir='ltr'><strong>eum</strong></span> <span class='ocrx_word' id='word_1_218' title='bbox 950 2513 1047 2574; x_wconf 90' lang='lat' dir='ltr'><strong>tabula</strong></span> <span class='ocrx_word' id='word_1_219' title='bbox 1061 2511 1149 2572; x_wconf 91' lang='lat' dir='ltr'><strong>ullius</strong></span> 
     </span>
    </p>

    <p class='ocr_par' dir='ltr' id='par_1_6' title="bbox 98 2595 1191 3101">
     <span class='ocr_line' id='line_1_28' title="bbox 98 2595 1149 2677; baseline -0.002 -17"><span class='ocrx_word' id='word_1_220' title='bbox 98 2606 131 2660; x_wconf 86' lang='lat'><strong>61</strong></span> <span class='ocrx_word' id='word_1_221' title='bbox 145 2596 308 2656; x_wconf 86' lang='lat' dir='ltr'><strong>ostenditur</strong></span> <span class='ocrx_word' id='word_1_222' title='bbox 322 2613 397 2675; x_wconf 89' lang='lat' dir='ltr'><strong>quae</strong></span> <span class='ocrx_word' id='word_1_223' title='bbox 409 2603 509 2658; x_wconf 90' lang='lat' dir='ltr'><strong>teneat</strong></span> <span class='ocrx_word' id='word_1_224' title='bbox 524 2596 635 2658; x_wconf 90' lang='lat' dir='ltr'><strong>oculos.</strong></span> <span class='ocrx_word' id='word_1_225' title='bbox 669 2595 722 2677; x_wconf 77' lang='grc'>[2.]</span> <span class='ocrx_word' id='word_1_226' title='bbox 745 2597 792 2658; x_wconf 82' lang='lat' dir='ltr'><strong>nh</strong></span> <span class='ocrx_word' id='word_1_227' title='bbox 809 2597 866 2659; x_wconf 92' lang='lat' dir='ltr'><strong>hoc</strong></span> <span class='ocrx_word' id='word_1_228' title='bbox 881 2599 950 2659; x_wconf 90' lang='lat' dir='ltr'><strong>artis</strong></span> <span class='ocrx_word' id='word_1_229' title='bbox 966 2599 1048 2659; x_wconf 86' lang='lat' dir='ltr'><strong>iores</strong></span> <span class='ocrx_word' id='word_1_230' title='bbox 1064 2615 1149 2676; x_wconf 89' lang='lat' dir='ltr'><strong>aper-</strong></span> 
     </span>
     <span class='ocr_line' id='line_1_29' title="bbox 141 2678 1148 2764; baseline 0.005 -26"><span class='ocrx_word' id='word_1_231' title='bbox 141 2690 184 2739; x_wconf 90' lang='lat' dir='ltr'><strong>tas</strong></span> <span class='ocrx_word' id='word_1_232' title='bbox 201 2678 309 2740; x_wconf 83' lang='lat' dir='ltr'><strong>Zeuxis</strong></span> <span class='ocrx_word' id='word_1_233' title='bbox 331 2679 524 2742; x_wconf 89' lang='lat' dir='ltr'><strong>Heracleotes</strong></span> <span class='ocrx_word' id='word_1_234' title='bbox 547 2683 665 2743; x_wconf 91' lang='lat' dir='ltr'><strong>intravit</strong></span> <span class='ocrx_word' id='word_1_235' title='bbox 690 2682 860 2764; x_wconf 88' lang='lat' dir='ltr'><strong>olympiadis</strong></span> <span class='ocrx_word' id='word_1_236' title='bbox 882 2681 1056 2744; x_wconf 87' lang='lat' dir='ltr'><strong>LXXXXV.</strong></span> <span class='ocrx_word' id='word_1_237' title='bbox 1071 2699 1148 2744; x_wconf 90' lang='lat' dir='ltr'><strong>anno</strong></span> 
     </span>
     <span class='ocr_line' id='line_1_30' title="bbox 140 2763 1149 2848; baseline 0.004 -24"><span class='ocrx_word' id='word_1_238' title='bbox 140 2763 216 2842; x_wconf 82' lang='lat' dir='ltr'><strong>llll,</strong></span> <span class='ocrx_word' id='word_1_239' title='bbox 236 2764 448 2844; x_wconf 88' lang='lat' dir='ltr'><strong>audentemque</strong></span> <span class='ocrx_word' id='word_1_240' title='bbox 463 2767 518 2826; x_wconf 91' lang='lat' dir='ltr'><strong>iam</strong></span> <span class='ocrx_word' id='word_1_241' title='bbox 529 2765 636 2845; x_wconf 88' lang='lat' dir='ltr'><strong>aliquid</strong></span> <span class='ocrx_word' id='word_1_242' title='bbox 648 2767 814 2848; x_wconf 91' lang='lat' dir='ltr'><strong>penicillum</strong></span> <span class='ocrx_word' id='word_1_243' title='bbox 831 2767 921 2828; x_wconf 90' lang='lat' dir='ltr'><strong>-de</strong></span> <span class='ocrx_word' id='word_1_244' title='bbox 937 2767 994 2828; x_wconf 92' lang='lat' dir='ltr'><strong>hoc</strong></span> <span class='ocrx_word' id='word_1_245' title='bbox 1008 2769 1084 2828; x_wconf 92' lang='lat' dir='ltr'><strong>euim</strong></span> <span class='ocrx_word' id='word_1_246' title='bbox 1100 2767 1149 2828; x_wconf 89' lang='lat' dir='ltr'><strong>ad·</strong></span> 
     </span>
     <span class='ocr_line' id='line_1_31' title="bbox 140 2849 1191 2933; baseline 0.004 -23"><span class='ocrx_word' id='word_1_247' title='bbox 140 2849 195 2910; x_wconf 91' lang='lat' dir='ltr'><strong>hoc</strong></span> <span class='ocrx_word' id='word_1_248' title='bbox 212 2849 363 2928; x_wconf 87' lang='lat' dir='ltr'><strong>loquamur</strong></span> <span class='ocrx_word' id='word_1_249' title='bbox 379 2885 421 2896; x_wconf 85' lang='lat'><em>-</em></span> <span class='ocrx_word' id='word_1_250' title='bbox 437 2850 471 2911; x_wconf 89' lang='lat' dir='ltr'><strong>ad</strong></span> <span class='ocrx_word' id='word_1_251' title='bbox 492 2868 622 2929; x_wconf 88' lang='lat' dir='ltr'><strong>magnam</strong></span> <span class='ocrx_word' id='word_1_252' title='bbox 637 2852 759 2933; x_wconf 88' lang='lat' dir='ltr'><strong>gloriam</strong></span> <span class='ocrx_word' id='word_1_253' title='bbox 774 2853 928 2932; x_wconf 92' lang='lat' dir='ltr'><strong>perduxit,</strong></span> <span class='ocrx_word' id='word_1_254' title='bbox 946 2871 961 2912; x_wconf 89' lang='lat' dir='ltr'><strong>a</strong></span> <span class='ocrx_word' id='word_1_255' title='bbox 977 2852 1147 2932; x_wconf 88' lang='lat' dir='ltr'><strong>quibusdam</strong></span> <span class='ocrx_word' id='word_1_256' title='bbox 1159 2871 1191 2916; x_wconf 87' lang='lat' dir='ltr'><strong>ao</strong></span> 
     </span>
     <span class='ocr_line' id='line_1_32' title="bbox 140 2931 1169 3017; baseline 0.003 -22"><span class='ocrx_word' id='word_1_257' title='bbox 140 2935 215 2996; x_wconf 84' lang='lat' dir='ltr'><strong>falso</strong></span> <span class='ocrx_word' id='word_1_258' title='bbox 236 2937 266 2996; x_wconf 92' lang='lat' dir='ltr'><strong>iu</strong></span> <span class='ocrx_word' id='word_1_259' title='bbox 286 2931 489 2998; x_wconf 89' lang='lat' dir='ltr'><strong>LXXXVllll.</strong></span> <span class='ocrx_word' id='word_1_260' title='bbox 508 2936 672 3017; x_wconf 91' lang='lat' dir='ltr'><strong>olympiade</strong></span> <span class='ocrx_word' id='word_1_261' title='bbox 696 2939 828 3017; x_wconf 89' lang='lat' dir='ltr'><strong>positus,</strong></span> <span class='ocrx_word' id='word_1_262' title='bbox 852 2956 915 2998; x_wconf 94' lang='lat' dir='ltr'><strong>cum</strong></span> <span class='ocrx_word' id='word_1_263' title='bbox 934 2935 970 2972; x_wconf 70' lang='lat'><strong>*³*</strong></span> <span class='ocrx_word' id='word_1_264' title='bbox 986 2939 1077 2999; x_wconf 87' lang='lat' dir='ltr'><strong>fuisse</strong></span> <span class='ocrx_word' id='word_1_265' title='bbox 1095 2955 1169 2998; x_wconf 47' lang='lat' dir='ltr'><strong>nen</strong></span> 
     </span>
     <span class='ocr_line' id='line_1_33' title="bbox 140 3019 1146 3101; baseline 0.002 -21"><span class='ocrx_word' id='word_1_266' title='bbox 140 3039 225 3082; x_wconf 91' lang='lat' dir='ltr'><strong>cesse</strong></span> <span class='ocrx_word' id='word_1_267' title='bbox 245 3029 291 3082; x_wconf 93' lang='lat' dir='ltr'><strong>est</strong></span> <span class='ocrx_word' id='word_1_268' title='bbox 306 3019 510 3101; x_wconf 87' lang='lat' dir='ltr'><strong>Demophilum</strong></span> <span class='ocrx_word' id='word_1_269' title='bbox 524 3020 706 3084; x_wconf 79' lang='lat' dir='ltr'><strong>himeraeum</strong></span> <span class='ocrx_word' id='word_1_270' title='bbox 721 3032 751 3084; x_wconf 91' lang='lat' dir='ltr'><strong>et</strong></span> <span class='ocrx_word' id='word_1_271' title='bbox 767 3021 865 3084; x_wconf 89' lang='lat' dir='ltr'><strong>Nesea</strong></span> <span class='ocrx_word' id='word_1_272' title='bbox 884 3020 1035 3100; x_wconf 82' lang='lat' dir='ltr'><strong>Thasium,</strong></span> <span class='ocrx_word' id='word_1_273' title='bbox 1054 3027 1146 3100; x_wconf 83' lang='lat' dir='ltr'><strong>quon-</strong></span> 
     </span>
    </p>

    <p class='ocr_par' dir='ltr' id='par_1_7' title="bbox 97 3105 1147 3187">
     <span class='ocr_line' id='line_1_34' title="bbox 97 3105 1147 3187; baseline -0.003 -18"><span class='ocrx_word' id='word_1_274' title='bbox 97 3115 131 3169; x_wconf 82' lang='lat' dir='ltr'><strong>ca</strong></span> <span class='ocrx_word' id='word_1_275' title='bbox 143 3105 197 3164; x_wconf 93' lang='lat' dir='ltr'><strong>iam</strong></span> <span class='ocrx_word' id='word_1_276' title='bbox 217 3107 308 3165; x_wconf 91' lang='lat' dir='ltr'><strong>utrius</strong></span> <span class='ocrx_word' id='word_1_277' title='bbox 329 3125 430 3168; x_wconf 92' lang='lat' dir='ltr'><strong>eorum</strong></span> <span class='ocrx_word' id='word_1_278' title='bbox 445 3106 603 3187; x_wconf 90' lang='lat' dir='ltr'><strong>discipulus</strong></span> <span class='ocrx_word' id='word_1_279' title='bbox 623 3108 710 3168; x_wconf 83' lang='lat' dir='ltr'><strong>luerit</strong></span> <span class='ocrx_word' id='word_1_280' title='bbox 732 3107 896 3186; x_wconf 84' lang='lat' dir='ltr'><strong>ambigitur.</strong></span> <span class='ocrx_word' id='word_1_281' title='bbox 929 3110 958 3168; x_wconf 90' lang='lat' dir='ltr'><strong>in</strong></span> <span class='ocrx_word' id='word_1_282' title='bbox 975 3126 1039 3169; x_wconf 90' lang='lat' dir='ltr'><strong>eum</strong></span> <span class='ocrx_word' id='word_1_283' title='bbox 1054 3106 1147 3186; x_wconf 78' lang='lat' dir='ltr'><strong>Apol·</strong></span> 
     </span>
    </p>

    <p class='ocr_par' dir='ltr' id='par_1_8' title="bbox 31 3188 1208 3272">
     <span class='ocr_line' id='line_1_35' title="bbox 31 3188 1208 3272; baseline 0.006 -27"><span class='ocrx_word' id='word_1_284' title='bbox 31 3221 34 3226; x_wconf 37' lang='lat' dir='ltr'>s</span> <span class='ocrx_word' id='word_1_285' title='bbox 107 3188 262 3249; x_wconf 82' lang='lat' dir='ltr'><strong>solodorus</strong></span> <span class='ocrx_word' id='word_1_286' title='bbox 285 3209 373 3270; x_wconf 89' lang='lat' dir='ltr'><strong>supra</strong></span> <span class='ocrx_word' id='word_1_287' title='bbox 394 3193 520 3271; x_wconf 89' lang='lat' dir='ltr'><strong>scriptos</strong></span> <span class='ocrx_word' id='word_1_288' title='bbox 543 3210 659 3253; x_wconf 91' lang='lat' dir='ltr'><strong>versum</strong></span> <span class='ocrx_word' id='word_1_289' title='bbox 685 3193 773 3271; x_wconf 87' lang='lat' dir='ltr'><strong>iecit,</strong></span> <span class='ocrx_word' id='word_1_290' title='bbox 805 3201 896 3254; x_wconf 89' lang='lat' dir='ltr'><strong>artem</strong></span> <span class='ocrx_word' id='word_1_291' title='bbox 922 3194 995 3272; x_wconf 90' lang='lat' dir='ltr'><strong>ipsis</strong></span> <span class='ocrx_word' id='word_1_292' title='bbox 1021 3191 1146 3253; x_wconf 87' lang='lat' dir='ltr'><strong>ablatam</strong></span> <span class='ocrx_word' id='word_1_293' title='bbox 1207 3217 1208 3221; x_wconf 42' lang='lat'>¹</span> 
     </span>
    </p>

    <p class='ocr_par' dir='ltr' id='par_1_9' title="bbox 139 3272 1188 3360">
     <span class='ocr_line' id='line_1_36' title="bbox 139 3272 1188 3360; baseline 0.003 -27"><span class='ocrx_word' id='word_1_294' title='bbox 139 3272 259 3334; x_wconf 83' lang='lat' dir='ltr'><strong>Zeuxim</strong></span> <span class='ocrx_word' id='word_1_295' title='bbox 280 3275 361 3336; x_wconf 90' lang='lat' dir='ltr'><strong>lerre</strong></span> <span class='ocrx_word' id='word_1_296' title='bbox 383 3294 489 3336; x_wconf 90' lang='lat' dir='ltr'><strong>secum.</strong></span> <span class='ocrx_word' id='word_1_297' title='bbox 536 3293 609 3355; x_wconf 93' lang='lat' dir='ltr'><strong>opes</strong></span> <span class='ocrx_word' id='word_1_298' title='bbox 631 3294 748 3356; x_wconf 87' lang='lat' dir='ltr'><strong>quoque</strong></span> <span class='ocrx_word' id='word_1_299' title='bbox 769 3286 862 3338; x_wconf 90' lang='lat' dir='ltr'><strong>tantas</strong></span> <span class='ocrx_word' id='word_1_300' title='bbox 883 3277 1039 3360; x_wconf 86' lang='lat' dir='ltr'><strong>adquisivit</strong></span> <span class='ocrx_word' id='word_1_301' title='bbox 1059 3287 1090 3337; x_wconf 93' lang='lat' dir='ltr'><strong>ut</strong></span> <span class='ocrx_word' id='word_1_302' title='bbox 1115 3279 1188 3338; x_wconf 82' lang='lat' dir='ltr'><strong>inas</strong></span> 
     </span>
    </p>

    <p class='ocr_par' dir='ltr' id='par_1_10' title="bbox 140 3359 1144 3442">
     <span class='ocr_line' id='line_1_37' title="bbox 140 3359 1144 3442; baseline -0.001 -20"><span class='ocrx_word' id='word_1_303' title='bbox 140 3361 368 3422; x_wconf 88' lang='lat' dir='ltr'><strong>ostentationem</strong></span> <span class='ocrx_word' id='word_1_304' title='bbox 390 3378 488 3421; x_wconf 88' lang='lat' dir='ltr'><strong>earum</strong></span> <span class='ocrx_word' id='word_1_305' title='bbox 509 3359 660 3440; x_wconf 89' lang='lat' dir='ltr'><strong>Olympiae</strong></span> <span class='ocrx_word' id='word_1_306' title='bbox 683 3364 780 3423; x_wconf 86' lang='lat' dir='ltr'><strong>aureis</strong></span> <span class='ocrx_word' id='word_1_307' title='bbox 804 3361 912 3425; x_wconf 89' lang='lat' dir='ltr'><strong>litteris</strong></span> <span class='ocrx_word' id='word_1_308' title='bbox 935 3365 965 3424; x_wconf 92' lang='lat' dir='ltr'><strong>in</strong></span> <span class='ocrx_word' id='word_1_309' title='bbox 990 3362 1144 3442; x_wconf 87' lang='lat' dir='ltr'><strong>palliorum</strong></span> 
     </span>
    </p>

    <p class='ocr_par' dir='ltr' id='par_1_11' title="bbox 139 3445 1145 3612">
     <span class='ocr_line' id='line_1_38' title="bbox 139 3445 1145 3528; baseline 0.003 -23"><span class='ocrx_word' id='word_1_310' title='bbox 139 3445 262 3506; x_wconf 86' lang='lat' dir='ltr'><strong>tesseris</strong></span> <span class='ocrx_word' id='word_1_311' title='bbox 287 3447 427 3506; x_wconf 89' lang='lat' dir='ltr'><strong>intextum</strong></span> <span class='ocrx_word' id='word_1_312' title='bbox 453 3462 559 3506; x_wconf 86' lang='lat' dir='ltr'><strong>nomen</strong></span> <span class='ocrx_word' id='word_1_313' title='bbox 584 3465 667 3506; x_wconf 87' lang='lat' dir='ltr'><strong>suum</strong></span> <span class='ocrx_word' id='word_1_314' title='bbox 689 3456 862 3510; x_wconf 86' lang='lat' dir='ltr'><strong>ostentaret.</strong></span> <span class='ocrx_word' id='word_1_315' title='bbox 906 3458 1012 3528; x_wconf 88' lang='lat' dir='ltr'><strong>postea</strong></span> <span class='ocrx_word' id='word_1_316' title='bbox 1034 3447 1145 3508; x_wconf 88' lang='lat' dir='ltr'><strong>donare</strong></span> 
     </span>
     <span class='ocr_line' id='line_1_39' title="bbox 140 3529 1145 3612; baseline 0 -21"><span class='ocrx_word' id='word_1_317' title='bbox 140 3548 231 3611; x_wconf 91' lang='lat' dir='ltr'><strong>opera</strong></span> <span class='ocrx_word' id='word_1_318' title='bbox 252 3547 302 3590; x_wconf 90' lang='lat' dir='ltr'><strong>sua</strong></span> <span class='ocrx_word' id='word_1_319' title='bbox 326 3531 467 3610; x_wconf 89' lang='lat' dir='ltr'><strong>instituit,</strong></span> <span class='ocrx_word' id='word_1_320' title='bbox 489 3529 566 3609; x_wconf 87' lang='lat' dir='ltr'><strong>quod</strong></span> <span class='ocrx_word' id='word_1_321' title='bbox 583 3531 663 3592; x_wconf 93' lang='lat' dir='ltr'><strong>nullo</strong></span> <span class='ocrx_word' id='word_1_322' title='bbox 681 3533 778 3610; x_wconf 93' lang='lat' dir='ltr'><strong>pretio</strong></span> <span class='ocrx_word' id='word_1_323' title='bbox 794 3535 865 3595; x_wconf 85' lang='lat' dir='ltr'><strong>satis</strong></span> <span class='ocrx_word' id='word_1_324' title='bbox 882 3533 969 3612; x_wconf 86' lang='lat' dir='ltr'><strong>digno</strong></span> <span class='ocrx_word' id='word_1_325' title='bbox 986 3533 1145 3612; x_wconf 88' lang='lat' dir='ltr'><strong>permutari</strong></span> 
     </span>
    </p>
   </div>
   <div class='ocr_carea' id='block_1_3' title="bbox 0 0 1260 3898">
    <p class='ocr_par' dir='ltr' id='par_1_12' title="bbox 0 0 1260 3898">
     <span class='ocr_line' id='line_1_40' title="bbox 0 0 1260 3898; baseline 0 0"><span class='ocrx_word' id='word_1_326' title='bbox 0 0 1260 3898; x_wconf 95' lang='lat' dir='ltr'><strong> </strong></span> 
     </span>
    </p>
   </div>
  </div>
 </body>
</html>
