2510 3898
300 232 380 280 nsu.
397 231 488 281 nien.
504 233 640 280 xxxvii.
660 232 683 284 r.
701 230 727 282 2.
744 223 864 300 (t-t.)
1035 223 1094 285 145

92 405 134 450 eo
155 386 213 448 init
231 386 299 448 luna
320 405 408 450 aurea
430 387 528 467 pondo
544 386 630 448 XXX
645 424 705 466 -‚
725 389 820 450 laotos
843 389 1139 472 tricliniaristris,1t

92 489 162 534 vasa
183 490 223 533 ex
237 489 308 534 auro
329 481 360 534 et
374 474 496 551 gemmis
513 473 669 534 abacorum
685 491 807 554 novem,
831 476 914 553 sigua
934 494 1023 537 aurea
1039 479 1094 539 tria

92 555 261 635 Minervae,
283 556 401 635 Martis,
416 556 581 636 Apollinis,
604 575 728 620 eorouas
743 578 782 621 ex
798 561 962 638 margaritis
977 563 1095 641 triginta

91 644 164 718 tris,
185 650 446 704 montemaureum
465 642 634 722 quadratum
652 661 717 704 enm
740 646 838 706 nervis
859 652 890 707 et
910 645 1046 707 leonibus
1065 655 1095 707 et

65 727 188 805 sponsis
209 728 301 788 omnis
323 729 444 805 generis
470 726 643 789 oironmdata
671 729 730 790 uite
753 747 859 806 aurea,
886 747 1034 792 musaeum
1057 749 1096 792 ex

4 875 5 878 ,
90 812 255 888 margaritis
275 813 305 872 in
326 813 410 872 ouius
429 812 550 890 fastigio
568 810 763 892 horologium
791 815 909 875 erat'et
930 815 1026 893 imago
1042 813 1094 876 Gn.

90 893 213 975 Pompei
230 914 247 956 e
263 897 444 974 margaritis,
459 896 510 959 illa
523 897 648 958 relicino
662 897 776 959 honore
791 906 891 977 grata,
915 899 992 960 illius
1008 899 1095 979 probi

91 981 154 1042 oris
169 980 388 1060 venerandique
403 999 458 1060 per
473 990 590 1043 onnotas
605 985 720 1060 gentis,
737 983 805 1062 illa,
821 985 953 1062 inquam,
969 1003 1007 1046 ex
1022 1003 1095 1045 mar·

90 1067 211 1143 geritis,
229 1068 390 1127 severitate
406 1067 483 1127 viota
497 1078 528 1128 et
545 1069 664 1128 veriore
676 1067 809 1129 luxuriae
829 1069 982 1149 triumpho.
1015 1082 1137 1134 num-15

60 1167 178 1230 taquam
190 1152 328 1230 proiecto
343 1152 421 1212 inter
436 1150 504 1212 illos
516 1153 597 1212 viros
613 1151 747 1215 durasset
761 1170 926 1232 cognomen
940 1152 1055 1233 blagni,
1071 1157 1095 1215 si

89 1237 182 1315 prima
193 1236 316 1298 vintoria
328 1237 371 1297 sio
384 1235 605 1316 triumphasset!
619 1239 821 1316 margaritis,
830 1236 948 1316 blegne,
962 1248 1017 1300 tam
1029 1257 1096 1318 pro·

90 1320 158 1399 diga
169 1339 204 1381 re
214 1329 246 1381 et
256 1321 371 1383 leminis
383 1330 513 1400 reperta,
525 1339 596 1400 quaa
604 1339 714 1399 gerere
726 1331 757 1383 te
767 1323 812 1384 ias
821 1340 880 1383 non
892 1324 942 1399 sit,
953 1322 1020 1386 hino
1030 1325 1094 1385 deri

4 1421 6 1476 ς
91 1413 159 1466 taos
169 1403 288 1467 voltus?
302 1408 345 1468 sie
356 1415 387 1468 te
398 1408 561 1485 pretiosum
572 1403 687 1468 videri?
703 1425 761 1468 non
770 1424 844 1484 ergo
857 1407 907 1468 illa
916 1415 964 1468 tua
973 1408 1096 1469 similior

4 1485 5 1564 l
91 1497 140 1549 est
160 1490 257 1569 imago
278 1509 361 1570 qoam
381 1491 526 1569 Pyrenaei
546 1491 624 1569 iugis
644 1488 820 1570 inposuisti?
843 1509 937 1570 graue
957 1491 1092 1571 protento
1105 1503 1138 1557 16

4 1573 5 1590 ¹
58 1591 80 1634 us
89 1572 268 1653 foedumque
290 1576 428 1654 probrum
457 1583 539 1652 erat,
567 1577 596 1635 ni
624 1577 723 1636 verius
747 1593 866 1636 saevom
891 1578 953 1636 irae
974 1577 1095 1639 deorum

4 1677 6 1740 ξ
91 1653 239 1744 ostentum
258 1659 287 1719 id
302 1660 382 1721 oredi
395 1669 550 1740 oporteret
566 1660 704 1739 clareque
719 1659 853 1739 intellegi
866 1669 970 1740 posset
988 1669 1095 1722 tantum

4 1751 6 1778 ²
89 1741 163 1804 illud
178 1752 264 1822 eaput
281 1746 403 1805 orientis
421 1744 526 1825 opibus
542 1746 607 1806 sine
624 1744 740 1824 reliquo
756 1763 886 1824 corpore
906 1754 1093 1807 ostentatum.

89 1835 193 1888 oetera
214 1828 351 1906 triumphi
372 1830 435 1890 eius
460 1847 544 1908 quam
564 1829 673 1891 virilia!
721 1830 775 1892 llS.
799 1826 897 1916 taeaet
913 1830 1094 1911 reipublicae

90 1910 207 1986 datram,
228 1912 334 1992 legatis
358 1922 388 1974 et
404 1914 610 1992 quaestoribus
634 1919 682 1994 qui
698 1933 766 1977 oras
785 1916 873 1979 maria
894 1915 1095 1977 defendissent

58 1994 147 2058 atla.
167 1992 241 2082 ΙῶΙ,
261 1997 400 2059 militibus
425 1999 547 2076 singulis
567 1997 625 2061 ils,
642 2018 713 2060 aona
734 2000 819 2062 milia.
857 2000 1091 2062 tolerabiliorem
1105 2010 1135 2065 17

90 2090 189 2142 moron
204 2101 318 2144 oausam
336 2083 408 2143 feeit
426 2082 477 2143 Gai
494 2084 636 2164 principis
649 2086 697 2163 qui
714 2103 804 2164 super
827 2093 928 2147 ostona
942 2084 1096 2146 muliebria

91 2184 198 2228 soooos
219 2166 356 2228 induebat
371 2186 389 2228 e
404 2169 569 2245 margaritis
586 2176 635 2229 aut
655 2167 782 2230 Neronis
800 2171 941 2250 principis
963 2171 1010 2249 qui
1029 2187 1092 2231 see·

91 2258 159 2330 ptra
171 2253 310 2331 personis
325 2261 355 2312 et
370 2251 476 2314 eubilia
486 2255 625 2313 amatoria
641 2253 795 2314 unionibus
804 2254 1003 2316 construebat.
1027 2256 1096 2333 quia

90 2337 178 2397 imuro
195 2338 282 2397 etiam
298 2338 343 2398 ias
361 2337 493 2398 ridemur
508 2337 673 2416 perdidisse
689 2338 867 2418 corripiendi
885 2347 1028 2416 gemmata
1043 2355 1095 2418 po·

5 2473 6 2482 ,
57 2435 81 2480 tt
91 2424 170 2482 toria
178 2429 210 2482 et
223 2423 304 2482 varia
317 2421 511 2501 supellectilis
522 2440 646 2500 genera,
661 2422 763 2482 anulos
777 2422 991 2484 translucentia
1020 2440 1094 2501 quae

5 2503 6 2522 l
90 2508 167 2567 enirn
180 2523 240 2567 non
258 2506 371 2568 luxuria
389 2509 575 2570 innocentior
590 2507 751 2568 existimari
770 2503 886 2586 possit?

154 2591 216 2670 (7.)
233 2588 343 2652 Eadem
358 2592 481 2652 victoria
498 2593 618 2671 primum
638 2593 669 2652 in
690 2591 793 2654 urbem
809 2591 955 2670 myrrhina
968 2592 1091 2667 inuexit,
1106 2602 1138 2656 18

89 2676 262 2754 ριίιιιιιιῳιο
277 2674 434 2754 Pompeius
449 2676 567 2755 eapides
581 2685 612 2736 et
626 2676 732 2755 poeula
746 2695 785 2737 ex
799 2693 837 2738 eo
850 2676 995 2757 triumpho
1010 2673 1095 2756 Capi·

5 2793 6 2802 =
91 2759 186 2821 tolino
198 2758 261 2820 lovi
273 2760 390 2838 dioadt,
406 2778 480 2839 quae
493 2762 625 2840 protinus
637 2760 673 2821 ad
684 2760 830 2822 hominnm
841 2779 923 2821 usum
938 2763 1093 2839 transiere,

58 2844 192 2906 toabaois
212 2847 299 2906 etiam
319 2847 501 2924 asoariisque
523 2846 599 2906 vasis
620 2847 778 2924 expetitis,
799 2855 831 2907 et
852 2847 961 2906 oresoit
980 2846 1010 2905 in
1030 2844 1094 2906 dies

5 2939 9 3076 p
91 2930 157 2990 eius
175 2931 221 2990 rei
238 2929 361 2990 luxuria.
383 2929 532 3007 myrrhino
545 2931 624 2998 ᾖ
639 2929 696 2991 tls,
714 2939 824 3010 empto,
841 2932 940 3008 oapaoi
956 2929 1043 3009 plane
1058 2928 1094 2990 ad

92 3015 240 3076 sextarios
264 3015 317 3074 tris
339 3014 431 3076 oalioe
452 3015 565 3093 potavit
582 3014 694 3074 Annius
711 3014 874 3075 consularis
903 3015 941 3074 ob
967 3030 1094 3075 amorem

92 3099 201 3160 adroso
220 3100 350 3176 margine
365 3100 447 3176 eius,
470 3108 502 3158 ut
516 3107 612 3158 tamen
625 3100 729 3160 iniuria
751 3099 802 3159 illa
820 3099 945 3177 pretium
960 3106 1094 3178 augeret,

92 3201 188 3263 neque
214 3192 260 3245 est
283 3181 371 3244 hodie
392 3182 529 3260 myrrhini
558 3182 680 3244 alterius
704 3186 901 3262 praestantior
924 3183 1093 3245 indicatura.

59 3267 170 3340 isidem
183 3270 213 3328 in
228 3267 351 3347 reliquis
360 3269 521 3346 generibus
537 3275 671 3347 quantum
687 3269 839 3329 voraverit
854 3267 924 3330 lioet
937 3270 1091 3330 aestimare
1104 3281 1138 3334 19

93 3371 132 3415 ex
146 3352 344 3431 multitudine,
366 3369 441 3432 quae
462 3361 539 3414 tanta
553 3353 607 3413 fuit
622 3360 653 3412 ut
667 3353 820 3414 auferente
841 3352 943 3414 liberis
959 3355 1022 3414 eius
1036 3352 1095 3414 Ne·

92 3455 165 3498 rone
188 3438 325 3516 exposita
346 3441 523 3516 oooupar‘ent
546 3436 687 3497 theatrum
702 3437 853 3517 penuliare
871 3446 949 3498 trans
965 3436 1093 3496 Tiberim

6 3569 7 3578 ,
92 3523 121 3582 in
138 3521 250 3600 hortis,
266 3521 344 3601 qood
358 3520 496 3600 apopulo
512 3520 618 3601 inpleri
633 3531 756 3585 oaneute
772 3541 822 3600 se,
838 3523 903 3584 dum
914 3520 1092 3599 Pompeiano

134 3622 213 3666 nunu
229 3622 298 3671 nnn.
313 3623 391 3670 nisu.
408 3607 445 3666 V.
893 3607 949 3689 to·
