<?xml version="1.0" encoding="UTF-8"?>
<!DOCTYPE html PUBLIC "-//W3C//DTD XHTML 1.0 Transitional//EN"
    "http://www.w3.org/TR/xhtml1/DTD/xhtml1-transitional.dtd">
<html xmlns="http://www.w3.org/1999/xhtml" xml:lang="en" lang="en">
 <head>
  <title>
</title>
<meta http-equiv="Content-Type" content="text/html;charset=utf-8" />
  <meta name='ocr-system' content='tesseract 3.04.00' />
  <meta name='ocr-capabilities' content='ocr_page ocr_carea ocr_par ocr_line ocrx_word'/>
</head>
<body>
  <div class='ocr_page' id='page_1' title='image "./naturalishistor01plingoog/naturalishistor01plingoog_0205.png"; bbox 0 0 2510 3898; ppageno 0'>
   <div class='ocr_carea' id='block_1_1' title="bbox 326 221 1063 302">
    <p class='ocr_par' dir='ltr' id='par_1_1' title="bbox 326 221 1063 302">
     <span class='ocr_line' id='line_1_1' title="bbox 326 221 1063 302; baseline 0.012 -26"><span class='ocrx_word' id='word_1_1' title='bbox 326 230 406 277; x_wconf 79' lang='lat' dir='ltr'><strong>nan.</strong></span> <span class='ocrx_word' id='word_1_2' title='bbox 423 230 514 280; x_wconf 77' lang='lat' dir='ltr'><strong>urso.</strong></span> <span class='ocrx_word' id='word_1_3' title='bbox 534 221 640 282; x_wconf 63' lang='lat' dir='ltr'><strong>xxxv.</strong></span> <span class='ocrx_word' id='word_1_4' title='bbox 659 222 737 302; x_wconf 71' lang='lat' dir='ltr'><strong>ln(</strong></span> <span class='ocrx_word' id='word_1_5' title='bbox 773 222 795 298; x_wconf 89' lang='lat'><strong>.)</strong></span> <span class='ocrx_word' id='word_1_6' title='bbox 1025 225 1063 289; x_wconf 81' lang='grc'><strong>91</strong></span> 
     </span>
    </p>
   </div>
   <div class='ocr_carea' id='block_1_2' title="bbox 1 383 1129 3621">
    <p class='ocr_par' dir='ltr' id='par_1_2' title="bbox 1 383 1129 3621">
     <span class='ocr_line' id='line_1_2' title="bbox 57 383 1111 468; baseline 0.015 -23"><span class='ocrx_word' id='word_1_7' title='bbox 57 384 120 466; x_wconf 74' lang='lat'><strong>[26]</strong></span> <span class='ocrx_word' id='word_1_8' title='bbox 137 383 254 446; x_wconf 89' lang='lat' dir='ltr'><strong>Eodem</strong></span> <span class='ocrx_word' id='word_1_9' title='bbox 271 393 405 463; x_wconf 87' lang='lat' dir='ltr'><strong>tempore</strong></span> <span class='ocrx_word' id='word_1_10' title='bbox 421 387 549 449; x_wconf 68' lang='lat' dir='ltr'><strong>fuerat*</strong></span> <span class='ocrx_word' id='word_1_11' title='bbox 565 396 596 450; x_wconf 93' lang='lat' dir='ltr'><strong>et</strong></span> <span class='ocrx_word' id='word_1_12' title='bbox 613 386 736 468; x_wconf 76' lang='lat' dir='ltr'><strong>Cydias,</strong></span> <span class='ocrx_word' id='word_1_13' title='bbox 752 392 835 452; x_wconf 89' lang='lat' dir='ltr'><strong>cuins</strong></span> <span class='ocrx_word' id='word_1_14' title='bbox 854 392 978 455; x_wconf 90' lang='lat' dir='ltr'><strong>tabulam</strong></span> <span class='ocrx_word' id='word_1_15' title='bbox 993 394 1035 455; x_wconf 89' lang='lat' dir='ltr'><strong>Ar</strong></span> <span class='ocrx_word' id='word_1_16' title='bbox 1061 407 1111 461; x_wconf 83' lang='lat'><strong>130</strong></span> 
     </span>
     <span class='ocr_line' id='line_1_3' title="bbox 57 468 1067 554; baseline 0.01 -25"><span class='ocrx_word' id='word_1_17' title='bbox 57 479 201 548; x_wconf 90' lang='lat' dir='ltr'><strong>gonantas</strong></span> <span class='ocrx_word' id='word_1_18' title='bbox 232 468 287 530; x_wconf 90' lang='lat' dir='ltr'><strong>HS.</strong></span> <span class='ocrx_word' id='word_1_19' title='bbox 311 471 493 540; x_wconf 69' lang='grc' dir='ltr'>ὄῑχῑχῖιῖῑ</span> <span class='ocrx_word' id='word_1_20' title='bbox 518 473 693 536; x_wconf 76' lang='lat' dir='ltr'><strong>Hortensius</strong></span> <span class='ocrx_word' id='word_1_21' title='bbox 716 485 832 554; x_wconf 48' lang='lat' dir='ltr'><strong>oratorx</strong></span> <span class='ocrx_word' id='word_1_22' title='bbox 848 487 992 540; x_wconf 87' lang='lat' dir='ltr'><strong>mercatus</strong></span> <span class='ocrx_word' id='word_1_23' title='bbox 1021 490 1067 541; x_wconf 91' lang='lat' dir='ltr'><strong>est</strong></span> 
     </span>
     <span class='ocr_line' id='line_1_4' title="bbox 59 554 1067 641; baseline 0.009 -25"><span class='ocrx_word' id='word_1_24' title='bbox 59 557 142 633; x_wconf 88' lang='lat' dir='ltr'><strong>eique</strong></span> <span class='ocrx_word' id='word_1_25' title='bbox 166 554 272 616; x_wconf 88' lang='lat' dir='ltr'><strong>aedem</strong></span> <span class='ocrx_word' id='word_1_26' title='bbox 293 555 365 617; x_wconf 89' lang='lat' dir='ltr'><strong>iecit</strong></span> <span class='ocrx_word' id='word_1_27' title='bbox 386 558 415 617; x_wconf 91' lang='lat' dir='ltr'><strong>in</strong></span> <span class='ocrx_word' id='word_1_28' title='bbox 434 556 597 620; x_wconf 86' lang='lat' dir='ltr'><strong>Tusculano</strong></span> <span class='ocrx_word' id='word_1_29' title='bbox 619 577 692 637; x_wconf 90' lang='lat' dir='ltr'><strong>sno,</strong></span> <span class='ocrx_word' id='word_1_30' title='bbox 719 561 784 641; x_wconf 79' lang='lat'>[271</span> <span class='ocrx_word' id='word_1_31' title='bbox 804 559 1003 641; x_wconf 81' lang='lat' dir='ltr'>Euphranoris</span> <span class='ocrx_word' id='word_1_32' title='bbox 1020 582 1067 624; x_wconf 91' lang='lat' dir='ltr'><strong>au-</strong></span> 
     </span>
     <span class='ocr_line' id='line_1_5' title="bbox 60 639 1068 724; baseline 0.01 -26"><span class='ocrx_word' id='word_1_33' title='bbox 60 648 114 700; x_wconf 92' lang='lat' dir='ltr'><strong>tem</strong></span> <span class='ocrx_word' id='word_1_34' title='bbox 128 639 294 719; x_wconf 88' lang='lat' dir='ltr'><strong>discipulus</strong></span> <span class='ocrx_word' id='word_1_35' title='bbox 310 639 477 703; x_wconf 88' lang='lat' dir='ltr'><strong>Antidotus.</strong></span> <span class='ocrx_word' id='word_1_36' title='bbox 505 641 590 704; x_wconf 88' lang='lat' dir='ltr'><strong>huius</strong></span> <span class='ocrx_word' id='word_1_37' title='bbox 606 651 654 705; x_wconf 90' lang='lat' dir='ltr'><strong>est</strong></span> <span class='ocrx_word' id='word_1_38' title='bbox 676 645 773 724; x_wconf 90' lang='lat' dir='ltr'><strong>clipeo</strong></span> <span class='ocrx_word' id='word_1_39' title='bbox 790 645 928 708; x_wconf 75' lang='lat' dir='ltr'><strong>dimicans</strong></span> <span class='ocrx_word' id='word_1_40' title='bbox 942 647 1068 710; x_wconf 78' lang='lat' dir='ltr'><strong>Athenis</strong></span> 
     </span>
     <span class='ocr_line' id='line_1_6' title="bbox 5 724 1068 812; baseline 0.009 -28"><span class='ocrx_word' id='word_1_41' title='bbox 5 724 10 757; x_wconf 82' lang='lat'><strong>¹</strong></span> <span class='ocrx_word' id='word_1_42' title='bbox 42 733 87 785; x_wconf 79' lang='lat' dir='ltr'><strong>tet</strong></span> <span class='ocrx_word' id='word_1_43' title='bbox 101 725 232 786; x_wconf 93' lang='lat' dir='ltr'><strong>luctator</strong></span> <span class='ocrx_word' id='word_1_44' title='bbox 247 724 424 805; x_wconf 78' lang='lat' dir='ltr'><strong>tubicenque</strong></span> <span class='ocrx_word' id='word_1_45' title='bbox 445 728 522 788; x_wconf 90' lang='lat' dir='ltr'><strong>inter</strong></span> <span class='ocrx_word' id='word_1_46' title='bbox 543 746 633 808; x_wconf 91' lang='lat' dir='ltr'><strong>pauca</strong></span> <span class='ocrx_word' id='word_1_47' title='bbox 658 729 799 794; x_wconf 89' lang='lat' dir='ltr'><strong>laudatus.</strong></span> <span class='ocrx_word' id='word_1_48' title='bbox 836 731 902 812; x_wconf 78' lang='lat'>128]</span> <span class='ocrx_word' id='word_1_49' title='bbox 919 733 985 812; x_wconf 91' lang='lat' dir='ltr'><strong>ipse</strong></span> <span class='ocrx_word' id='word_1_50' title='bbox 1006 733 1068 794; x_wconf 92' lang='lat' dir='ltr'><strong>dili·</strong></span> 
     </span>
     <span class='ocr_line' id='line_1_7' title="bbox 59 811 1067 888; baseline 0.009 -18"><span class='ocrx_word' id='word_1_51' title='bbox 59 811 176 888; x_wconf 83' lang='lat' dir='ltr'><strong>gentior</strong></span> <span class='ocrx_word' id='word_1_52' title='bbox 198 827 284 888; x_wconf 90' lang='lat' dir='ltr'><strong>quam</strong></span> <span class='ocrx_word' id='word_1_53' title='bbox 312 813 497 873; x_wconf 82' lang='lat' dir='ltr'><strong>numerosior</strong></span> <span class='ocrx_word' id='word_1_54' title='bbox 517 823 548 874; x_wconf 91' lang='lat' dir='ltr'><strong>et</strong></span> <span class='ocrx_word' id='word_1_55' title='bbox 569 815 598 873; x_wconf 94' lang='lat' dir='ltr'><strong>in</strong></span> <span class='ocrx_word' id='word_1_56' title='bbox 618 814 768 877; x_wconf 90' lang='lat' dir='ltr'><strong>coloribus</strong></span> <span class='ocrx_word' id='word_1_57' title='bbox 791 835 914 878; x_wconf 84' lang='lat' dir='ltr'><strong>severus</strong></span> <span class='ocrx_word' id='word_1_58' title='bbox 936 836 1067 879; x_wconf 91' lang='lat' dir='ltr'><strong>maxume</strong></span> 
     </span>
     <span class='ocr_line' id='line_1_8' title="bbox 60 894 1068 980; baseline 0.01 -26"><span class='ocrx_word' id='word_1_59' title='bbox 60 894 192 956; x_wconf 88' lang='lat' dir='ltr'><strong>inclaruit</strong></span> <span class='ocrx_word' id='word_1_60' title='bbox 218 894 363 974; x_wconf 89' lang='lat' dir='ltr'><strong>discipulo</strong></span> <span class='ocrx_word' id='word_1_61' title='bbox 386 894 467 958; x_wconf 93' lang='lat' dir='ltr'><strong>Nicia</strong></span> <span class='ocrx_word' id='word_1_62' title='bbox 486 897 668 960; x_wconf 76' lang='lat' dir='ltr'><strong>Atheniense</strong></span> <span class='ocrx_word' id='word_1_63' title='bbox 690 901 738 979; x_wconf 92' lang='lat' dir='ltr'><strong>qui</strong></span> <span class='ocrx_word' id='word_1_64' title='bbox 762 900 986 980; x_wconf 77' lang='lat' dir='ltr'><strong>diligentissime</strong></span> <span class='ocrx_word' id='word_1_65' title='bbox 1009 921 1068 964; x_wconf 91' lang='lat' dir='ltr'><strong>mn·</strong></span> 
     </span>
     <span class='ocr_line' id='line_1_9' title="bbox 59 979 1107 1066; baseline 0.012 -27"><span class='ocrx_word' id='word_1_66' title='bbox 59 979 146 1040; x_wconf 90' lang='lat' dir='ltr'><strong>lieres</strong></span> <span class='ocrx_word' id='word_1_67' title='bbox 159 980 264 1058; x_wconf 83' lang='lat' dir='ltr'><strong>pinxit.</strong></span> <span class='ocrx_word' id='word_1_68' title='bbox 302 979 398 1042; x_wconf 89' lang='lat' dir='ltr'><strong>lumen</strong></span> <span class='ocrx_word' id='word_1_69' title='bbox 414 991 442 1042; x_wconf 89' lang='lat' dir='ltr'><strong>et</strong></span> <span class='ocrx_word' id='word_1_70' title='bbox 454 984 569 1044; x_wconf 89' lang='lat' dir='ltr'><strong>umbras</strong></span> <span class='ocrx_word' id='word_1_71' title='bbox 586 984 725 1046; x_wconf 87' lang='lat' dir='ltr'><strong>custodiit</strong></span> <span class='ocrx_word' id='word_1_72' title='bbox 738 994 825 1066; x_wconf 89' lang='lat' dir='ltr'><strong>atque</strong></span> <span class='ocrx_word' id='word_1_73' title='bbox 841 996 872 1047; x_wconf 90' lang='lat' dir='ltr'><strong>nt</strong></span> <span class='ocrx_word' id='word_1_74' title='bbox 885 990 1047 1049; x_wconf 88' lang='lat' dir='ltr'><strong>eminerent</strong></span> <span class='ocrx_word' id='word_1_75' title='bbox 1059 999 1107 1054; x_wconf 86' lang='grc'><strong>131</strong></span> 
     </span>
     <span class='ocr_line' id='line_1_10' title="bbox 2 1064 1067 1151; baseline 0.008 -27"><span class='ocrx_word' id='word_1_76' title='bbox 2 1078 8 1113; x_wconf 90' lang='lat'><strong>··</strong></span> <span class='ocrx_word' id='word_1_77' title='bbox 59 1064 209 1125; x_wconf 89' lang='lat' dir='ltr'><strong>etabnlis</strong></span> <span class='ocrx_word' id='word_1_78' title='bbox 237 1066 368 1144; x_wconf 79' lang='lat' dir='ltr'><strong>picturae</strong></span> <span class='ocrx_word' id='word_1_79' title='bbox 397 1085 527 1131; x_wconf 90' lang='lat' dir='ltr'><strong>maxume</strong></span> <span class='ocrx_word' id='word_1_80' title='bbox 552 1071 674 1131; x_wconf 84' lang='lat' dir='ltr'><strong>curauit.</strong></span> <span class='ocrx_word' id='word_1_81' title='bbox 718 1089 809 1151; x_wconf 87' lang='lat' dir='ltr'><strong>opera</strong></span> <span class='ocrx_word' id='word_1_82' title='bbox 842 1073 922 1134; x_wconf 91' lang='lat' dir='ltr'><strong>eius:</strong></span> <span class='ocrx_word' id='word_1_83' title='bbox 956 1071 1067 1133; x_wconf 90' lang='lat' dir='ltr'><strong>Nemea</strong></span> 
     </span>
     <span class='ocr_line' id='line_1_11' title="bbox 33 1148 1098 1237; baseline 0.014 -31"><span class='ocrx_word' id='word_1_84' title='bbox 33 1149 180 1211; x_wconf 80' lang='lat' dir='ltr'><strong>roadvecta</strong></span> <span class='ocrx_word' id='word_1_85' title='bbox 199 1167 238 1210; x_wconf 90' lang='lat' dir='ltr'><strong>ex</strong></span> <span class='ocrx_word' id='word_1_86' title='bbox 252 1148 325 1211; x_wconf 87' lang='lat' dir='ltr'><strong>Asia</strong></span> <span class='ocrx_word' id='word_1_87' title='bbox 339 1149 458 1214; x_wconf 83' lang='lat' dir='ltr'><strong>Romam</strong></span> <span class='ocrx_word' id='word_1_88' title='bbox 473 1170 489 1213; x_wconf 93' lang='lat' dir='ltr'><strong>a</strong></span> <span class='ocrx_word' id='word_1_89' title='bbox 506 1153 606 1215; x_wconf 88' lang='lat' dir='ltr'><strong>Silano</strong></span> <span class='ocrx_word' id='word_1_90' title='bbox 623 1172 707 1235; x_wconf 91' lang='lat' dir='ltr'><strong>qnam</strong></span> <span class='ocrx_word' id='word_1_91' title='bbox 724 1159 754 1216; x_wconf 94' lang='lat' dir='ltr'><strong>in</strong></span> <span class='ocrx_word' id='word_1_92' title='bbox 773 1158 852 1219; x_wconf 89' lang='lat' dir='ltr'><strong>coria</strong></span> <span class='ocrx_word' id='word_1_93' title='bbox 870 1157 994 1218; x_wconf 86' lang='lat' dir='ltr'><strong>diximus</strong></span> <span class='ocrx_word' id='word_1_94' title='bbox 1012 1175 1063 1237; x_wconf 95' lang='lat' dir='ltr'><strong>po·</strong></span> <span class='ocrx_word' id='word_1_95' title='bbox 1075 1179 1098 1212; x_wconf 74' lang='grc' dir='ltr'><strong>ετ</strong></span> 
     </span>
     <span class='ocr_line' id='line_1_12' title="bbox 58 1233 1067 1321; baseline 0.01 -27"><span class='ocrx_word' id='word_1_96' title='bbox 58 1236 157 1312; x_wconf 91' lang='lat' dir='ltr'><strong>sitam,</strong></span> <span class='ocrx_word' id='word_1_97' title='bbox 188 1235 260 1296; x_wconf 89' lang='lat' dir='ltr'><strong>item</strong></span> <span class='ocrx_word' id='word_1_98' title='bbox 280 1233 370 1298; x_wconf 88' lang='lat' dir='ltr'><strong>Liber</strong></span> <span class='ocrx_word' id='word_1_99' title='bbox 389 1246 474 1316; x_wconf 88' lang='lat' dir='ltr'><strong>pater</strong></span> <span class='ocrx_word' id='word_1_100' title='bbox 497 1240 526 1300; x_wconf 93' lang='lat' dir='ltr'><strong>in</strong></span> <span class='ocrx_word' id='word_1_101' title='bbox 553 1240 627 1301; x_wconf 90' lang='lat' dir='ltr'><strong>aede</strong></span> <span class='ocrx_word' id='word_1_102' title='bbox 652 1238 850 1321; x_wconf 77' lang='lat' dir='ltr'><strong>Concordiae,</strong></span> <span class='ocrx_word' id='word_1_103' title='bbox 878 1241 1067 1321; x_wconf 76' lang='lat' dir='ltr'><strong>Hyacinthus,</strong></span> 
     </span>
     <span class='ocr_line' id='line_1_13' title="bbox 59 1316 1065 1407; baseline 0.01 -28"><span class='ocrx_word' id='word_1_104' title='bbox 59 1339 143 1399; x_wconf 90' lang='lat' dir='ltr'><strong>quem</strong></span> <span class='ocrx_word' id='word_1_105' title='bbox 166 1316 279 1380; x_wconf 77' lang='lat' dir='ltr'><strong>Cacsar</strong></span> <span class='ocrx_word' id='word_1_106' title='bbox 294 1320 446 1400; x_wconf 91' lang='lat' dir='ltr'><strong>Augustus</strong></span> <span class='ocrx_word' id='word_1_107' title='bbox 463 1324 626 1387; x_wconf 85' lang='lat' dir='ltr'><strong>delectatus</strong></span> <span class='ocrx_word' id='word_1_108' title='bbox 649 1343 686 1387; x_wconf 90' lang='lat' dir='ltr'><strong>eo</strong></span> <span class='ocrx_word' id='word_1_109' title='bbox 703 1345 802 1388; x_wconf 86' lang='lat' dir='ltr'><strong>secum</strong></span> <span class='ocrx_word' id='word_1_110' title='bbox 817 1327 982 1407; x_wconf 84' lang='lat' dir='ltr'><strong>deportavit</strong></span> <span class='ocrx_word' id='word_1_111' title='bbox 997 1326 1065 1389; x_wconf 89' lang='lat' dir='ltr'><strong>Ale-</strong></span> 
     </span>
     <span class='ocr_line' id='line_1_14' title="bbox 58 1406 1067 1492; baseline 0.007 -27"><span class='ocrx_word' id='word_1_112' title='bbox 58 1406 186 1467; x_wconf 85' lang='lat' dir='ltr'><strong>xandrea</strong></span> <span class='ocrx_word' id='word_1_113' title='bbox 208 1413 310 1485; x_wconf 89' lang='lat' dir='ltr'><strong>capta,</strong></span> <span class='ocrx_word' id='word_1_114' title='bbox 333 1413 364 1468; x_wconf 90' lang='lat' dir='ltr'><strong>et</strong></span> <span class='ocrx_word' id='word_1_115' title='bbox 384 1407 421 1469; x_wconf 92' lang='lat' dir='ltr'><strong>ob</strong></span> <span class='ocrx_word' id='word_1_116' title='bbox 443 1408 471 1469; x_wconf 96' lang='lat' dir='ltr'><strong>id</strong></span> <span class='ocrx_word' id='word_1_117' title='bbox 490 1409 627 1471; x_wconf 84' lang='lat' dir='ltr'><strong>Tiberius</strong></span> <span class='ocrx_word' id='word_1_118' title='bbox 643 1408 753 1473; x_wconf 82' lang='lat' dir='ltr'><strong>Caesar</strong></span> <span class='ocrx_word' id='word_1_119' title='bbox 774 1414 804 1472; x_wconf 92' lang='lat' dir='ltr'><strong>in</strong></span> <span class='ocrx_word' id='word_1_120' title='bbox 821 1411 930 1492; x_wconf 90' lang='lat' dir='ltr'><strong>templo</strong></span> <span class='ocrx_word' id='word_1_121' title='bbox 946 1414 1010 1473; x_wconf 89' lang='lat' dir='ltr'><strong>eius</strong></span> <span class='ocrx_word' id='word_1_122' title='bbox 1026 1411 1067 1472; x_wconf 93' lang='lat' dir='ltr'><strong>di-</strong></span> 
     </span>
     <span class='ocr_line' id='line_1_15' title="bbox 58 1490 1110 1576; baseline 0.008 -26"><span class='ocrx_word' id='word_1_123' title='bbox 58 1492 133 1551; x_wconf 87' lang='lat' dir='ltr'><strong>earit</strong></span> <span class='ocrx_word' id='word_1_124' title='bbox 156 1491 231 1551; x_wconf 91' lang='lat' dir='ltr'><strong>hane</strong></span> <span class='ocrx_word' id='word_1_125' title='bbox 253 1490 395 1570; x_wconf 90' lang='lat' dir='ltr'><strong>tabulam,</strong></span> <span class='ocrx_word' id='word_1_126' title='bbox 417 1502 447 1554; x_wconf 93' lang='lat' dir='ltr'><strong>et</strong></span> <span class='ocrx_word' id='word_1_127' title='bbox 465 1493 586 1574; x_wconf 84' lang='lat' dir='ltr'><strong>Danae,</strong></span> <span class='ocrx_word' id='word_1_128' title='bbox 610 1494 722 1576; x_wconf 83' lang='lat' dir='ltr'><strong>Ephesi</strong></span> <span class='ocrx_word' id='word_1_129' title='bbox 737 1514 811 1558; x_wconf 82' lang='lat' dir='ltr'><strong>vero</strong></span> <span class='ocrx_word' id='word_1_130' title='bbox 827 1506 875 1558; x_wconf 88' lang='lat' dir='ltr'><strong>est</strong></span> <span class='ocrx_word' id='word_1_131' title='bbox 891 1495 1046 1575; x_wconf 83' lang='lat' dir='ltr'><strong>llegabpai</strong></span> <span class='ocrx_word' id='word_1_132' title='bbox 1061 1506 1110 1562; x_wconf 73' lang='lat'><strong>132</strong></span> 
     </span>
     <span class='ocr_line' id='line_1_16' title="bbox 32 1574 1069 1660; baseline 0.004 -22"><span class='ocrx_word' id='word_1_133' title='bbox 32 1595 51 1638; x_wconf 84' lang='lat' dir='ltr'><strong>c</strong></span> <span class='ocrx_word' id='word_1_134' title='bbox 59 1576 224 1638; x_wconf 88' lang='lat' dir='ltr'><strong>sacerdotis</strong></span> <span class='ocrx_word' id='word_1_135' title='bbox 254 1574 402 1656; x_wconf 81' lang='lat' dir='ltr'><strong>Ephesiae</strong></span> <span class='ocrx_word' id='word_1_136' title='bbox 429 1578 538 1642; x_wconf 87' lang='lat' dir='ltr'><strong>Dianae</strong></span> <span class='ocrx_word' id='word_1_137' title='bbox 567 1581 771 1660; x_wconf 90' lang='lat' dir='ltr'><strong>sepulchrum,</strong></span> <span class='ocrx_word' id='word_1_138' title='bbox 806 1581 931 1643; x_wconf 80' lang='lat' dir='ltr'><strong>Athenis</strong></span> <span class='ocrx_word' id='word_1_139' title='bbox 961 1598 1069 1659; x_wconf 77' lang='lat' dir='ltr'><strong>neapo·</strong></span> 
     </span>
     <span class='ocr_line' id='line_1_17' title="bbox 1 1651 1066 1745; baseline 0 -19"><span class='ocrx_word' id='word_1_140' title='bbox 1 1651 3 1726; x_wconf 64' lang='lat' dir='ltr'><strong>l</strong></span> <span class='ocrx_word' id='word_1_141' title='bbox 59 1670 172 1724; x_wconf 90' lang='lat' dir='ltr'><strong>mantea</strong></span> <span class='ocrx_word' id='word_1_142' title='bbox 196 1660 327 1724; x_wconf 85' lang='lat' dir='ltr'><strong>Homeri.</strong></span> <span class='ocrx_word' id='word_1_143' title='bbox 368 1660 441 1724; x_wconf 91' lang='lat' dir='ltr'><strong>lrane</strong></span> <span class='ocrx_word' id='word_1_144' title='bbox 467 1665 596 1727; x_wconf 86' lang='lat' dir='ltr'><strong>vendere</strong></span> <span class='ocrx_word' id='word_1_145' title='bbox 620 1665 720 1728; x_wconf 89' lang='lat' dir='ltr'><strong>Attalo</strong></span> <span class='ocrx_word' id='word_1_146' title='bbox 746 1669 810 1745; x_wconf 89' lang='lat' dir='ltr'><strong>regi</strong></span> <span class='ocrx_word' id='word_1_147' title='bbox 833 1666 926 1728; x_wconf 93' lang='lat' dir='ltr'><strong>noluit</strong></span> <span class='ocrx_word' id='word_1_148' title='bbox 950 1667 1066 1728; x_wconf 90' lang='lat' dir='ltr'><strong>talentis</strong></span> 
     </span>
     <span class='ocr_line' id='line_1_18' title="bbox 2 1748 1065 1831; baseline 0.004 -23"><span class='ocrx_word' id='word_1_149' title='bbox 2 1805 3 1808; x_wconf 74' lang='grc'>,</span> <span class='ocrx_word' id='word_1_150' title='bbox 60 1748 234 1828; x_wconf 84' lang='lat' dir='ltr'><strong>sexaginta,</strong></span> <span class='ocrx_word' id='word_1_151' title='bbox 255 1748 411 1827; x_wconf 89' lang='lat' dir='ltr'><strong>potiusque</strong></span> <span class='ocrx_word' id='word_1_152' title='bbox 427 1752 540 1829; x_wconf 88' lang='lat' dir='ltr'><strong>patriae</strong></span> <span class='ocrx_word' id='word_1_153' title='bbox 561 1768 632 1812; x_wconf 90' lang='lat' dir='ltr'><strong>snae</strong></span> <span class='ocrx_word' id='word_1_154' title='bbox 653 1752 771 1812; x_wconf 85' lang='lat' dir='ltr'><strong>donavit</strong></span> <span class='ocrx_word' id='word_1_155' title='bbox 787 1751 935 1814; x_wconf 89' lang='lat' dir='ltr'><strong>abundans</strong></span> <span class='ocrx_word' id='word_1_156' title='bbox 951 1752 1065 1831; x_wconf 91' lang='lat' dir='ltr'><strong>opibus.</strong></span> 
     </span>
     <span class='ocr_line' id='line_1_19' title="bbox 2 1827 1067 1917; baseline 0.003 -22"><span class='ocrx_word' id='word_1_157' title='bbox 2 1827 3 1884; x_wconf 66' lang='lat' dir='ltr'><strong>l</strong></span> <span class='ocrx_word' id='word_1_158' title='bbox 60 1833 130 1896; x_wconf 89' lang='lat' dir='ltr'><strong>iecit</strong></span> <span class='ocrx_word' id='word_1_159' title='bbox 147 1843 178 1895; x_wconf 91' lang='lat' dir='ltr'><strong>et</strong></span> <span class='ocrx_word' id='word_1_160' title='bbox 193 1832 312 1912; x_wconf 87' lang='lat' dir='ltr'><strong>grandis</strong></span> <span class='ocrx_word' id='word_1_161' title='bbox 326 1834 472 1914; x_wconf 90' lang='lat' dir='ltr'><strong>picturas,</strong></span> <span class='ocrx_word' id='word_1_162' title='bbox 486 1837 516 1896; x_wconf 95' lang='lat' dir='ltr'><strong>in</strong></span> <span class='ocrx_word' id='word_1_163' title='bbox 531 1836 636 1915; x_wconf 90' lang='lat' dir='ltr'><strong>quibus</strong></span> <span class='ocrx_word' id='word_1_164' title='bbox 653 1845 718 1897; x_wconf 92' lang='lat' dir='ltr'><strong>sunt</strong></span> <span class='ocrx_word' id='word_1_165' title='bbox 731 1835 859 1917; x_wconf 76' lang='lat' dir='ltr'><strong>Calypso</strong></span> <span class='ocrx_word' id='word_1_166' title='bbox 876 1846 905 1898; x_wconf 89' lang='lat' dir='ltr'><strong>et</strong></span> <span class='ocrx_word' id='word_1_167' title='bbox 919 1837 952 1898; x_wconf 96' lang='lat' dir='ltr'><strong>lo</strong></span> <span class='ocrx_word' id='word_1_168' title='bbox 967 1846 997 1898; x_wconf 94' lang='lat' dir='ltr'><strong>et</strong></span> <span class='ocrx_word' id='word_1_169' title='bbox 1008 1836 1067 1898; x_wconf 91' lang='lat' dir='ltr'><strong>An·</strong></span> 
     </span>
     <span class='ocr_line' id='line_1_20' title="bbox 2 1918 1066 2003; baseline 0.002 -23"><span class='ocrx_word' id='word_1_170' title='bbox 2 1925 3 1930; x_wconf 77' lang='grc'>’</span> <span class='ocrx_word' id='word_1_171' title='bbox 61 1920 218 1995; x_wconf 88' lang='lat' dir='ltr'><strong>dromeda,</strong></span> <span class='ocrx_word' id='word_1_172' title='bbox 238 1918 409 1980; x_wconf 82' lang='lat' dir='ltr'><strong>Alexander</strong></span> <span class='ocrx_word' id='word_1_173' title='bbox 433 1938 550 2000; x_wconf 88' lang='lat' dir='ltr'><strong>qnoque</strong></span> <span class='ocrx_word' id='word_1_174' title='bbox 573 1920 603 1982; x_wconf 90' lang='lat' dir='ltr'><strong>iir</strong></span> <span class='ocrx_word' id='word_1_175' title='bbox 618 1920 741 2002; x_wconf 88' lang='lat' dir='ltr'><strong>Pompei</strong></span> <span class='ocrx_word' id='word_1_176' title='bbox 755 1923 918 2003; x_wconf 89' lang='lat' dir='ltr'><strong>porticibus</strong></span> <span class='ocrx_word' id='word_1_177' title='bbox 935 1922 1066 2003; x_wconf 87' lang='lat' dir='ltr'><strong>praecel-</strong></span> 
     </span>
     <span class='ocr_line' id='line_1_21' title="bbox 2 2003 1129 2088; baseline 0.006 -26"><span class='ocrx_word' id='word_1_178' title='bbox 2 2011 3 2032; x_wconf 68' lang='lat'>³</span> <span class='ocrx_word' id='word_1_179' title='bbox 32 2005 123 2066; x_wconf 80' lang='lat' dir='ltr'><strong>alens</strong></span> <span class='ocrx_word' id='word_1_180' title='bbox 140 2013 171 2065; x_wconf 92' lang='lat' dir='ltr'><strong>ct</strong></span> <span class='ocrx_word' id='word_1_181' title='bbox 181 2003 310 2085; x_wconf 74' lang='lat' dir='ltr'><strong>Calypso</strong></span> <span class='ocrx_word' id='word_1_182' title='bbox 326 2003 443 2067; x_wconf 90' lang='lat' dir='ltr'><strong>sedens.</strong></span> <span class='ocrx_word' id='word_1_183' title='bbox 473 2005 539 2067; x_wconf 91' lang='lat' dir='ltr'><strong>hnic</strong></span> <span class='ocrx_word' id='word_1_184' title='bbox 560 2005 654 2067; x_wconf 89' lang='lat' dir='ltr'><strong>eidem</strong></span> <span class='ocrx_word' id='word_1_185' title='bbox 672 2007 876 2069; x_wconf 90' lang='lat' dir='ltr'><strong>adscribuntur</strong></span> <span class='ocrx_word' id='word_1_186' title='bbox 892 2008 1046 2088; x_wconf 91' lang='lat' dir='ltr'><strong>quadripe·</strong></span> <span class='ocrx_word' id='word_1_187' title='bbox 1061 2014 1129 2072; x_wconf 73' lang='lat'><strong>133,</strong></span> 
     </span>
     <span class='ocr_line' id='line_1_22' title="bbox 3 2087 1068 2174; baseline 0.002 -24"><span class='ocrx_word' id='word_1_188' title='bbox 3 2087 5 2174; x_wconf 64' lang='grc' dir='ltr'>ζ</span> <span class='ocrx_word' id='word_1_189' title='bbox 62 2090 129 2168; x_wconf 93' lang='lat' dir='ltr'><strong>des,</strong></span> <span class='ocrx_word' id='word_1_190' title='bbox 147 2091 350 2169; x_wconf 90' lang='lat' dir='ltr'><strong>prosperrime</strong></span> <span class='ocrx_word' id='word_1_191' title='bbox 365 2109 453 2153; x_wconf 89' lang='lat' dir='ltr'><strong>canes</strong></span> <span class='ocrx_word' id='word_1_192' title='bbox 469 2092 629 2172; x_wconf 88' lang='lat' dir='ltr'><strong>expressit.</strong></span> <span class='ocrx_word' id='word_1_193' title='bbox 667 2091 714 2153; x_wconf 90' lang='lat' dir='ltr'><strong>hic</strong></span> <span class='ocrx_word' id='word_1_194' title='bbox 730 2101 776 2154; x_wconf 92' lang='lat' dir='ltr'><strong>est</strong></span> <span class='ocrx_word' id='word_1_195' title='bbox 791 2091 889 2154; x_wconf 89' lang='lat' dir='ltr'><strong>Nicias</strong></span> <span class='ocrx_word' id='word_1_196' title='bbox 902 2093 938 2155; x_wconf 94' lang='lat' dir='ltr'><strong>de</strong></span> <span class='ocrx_word' id='word_1_197' title='bbox 953 2110 1011 2171; x_wconf 92' lang='lat' dir='ltr'><strong>qoo</strong></span> <span class='ocrx_word' id='word_1_198' title='bbox 1027 2091 1068 2152; x_wconf 92' lang='lat' dir='ltr'><strong>di-</strong></span> 
     </span>
     <span class='ocr_line' id='line_1_23' title="bbox 61 2174 1068 2258; baseline 0.002 -21.891"><span class='ocrx_word' id='word_1_199' title='bbox 61 2176 147 2236; x_wconf 91' lang='lat' dir='ltr'><strong>ccbat</strong></span> <span class='ocrx_word' id='word_1_200' title='bbox 168 2174 333 2236; x_wconf 86' lang='lat' dir='ltr'><strong>Praxiteles</strong></span> <span class='ocrx_word' id='word_1_201' title='bbox 356 2176 554 2255; x_wconf 90' lang='lat' dir='ltr'><strong>interrogatus</strong></span> <span class='ocrx_word' id='word_1_202' title='bbox 571 2195 647 2258; x_wconf 90' lang='lat' dir='ltr'><strong>quae</strong></span> <span class='ocrx_word' id='word_1_203' title='bbox 671 2195 802 2239; x_wconf 90' lang='lat' dir='ltr'><strong>maxume</strong></span> <span class='ocrx_word' id='word_1_204' title='bbox 819 2197 910 2258; x_wconf 79' lang='lat' dir='ltr'><strong>opera</strong></span> <span class='ocrx_word' id='word_1_205' title='bbox 933 2197 983 2239; x_wconf 91' lang='lat' dir='ltr'><strong>sua</strong></span> <span class='ocrx_word' id='word_1_206' title='bbox 1000 2196 1068 2256; x_wconf 92' lang='lat' dir='ltr'><strong>pro·</strong></span> 
     </span>
     <span class='ocr_line' id='line_1_24' title="bbox 60 2260 1119 2342; baseline 0 -20"><span class='ocrx_word' id='word_1_207' title='bbox 60 2262 145 2322; x_wconf 89' lang='lat' dir='ltr'><strong>haret</strong></span> <span class='ocrx_word' id='word_1_208' title='bbox 161 2263 191 2320; x_wconf 91' lang='lat' dir='ltr'><strong>in</strong></span> <span class='ocrx_word' id='word_1_209' title='bbox 207 2260 415 2321; x_wconf 90' lang='lat' dir='ltr'><strong>marmoribus:</strong></span> <span class='ocrx_word' id='word_1_210' title='bbox 434 2261 538 2342; x_wconf 91' lang='lat' dir='ltr'><strong>quibus</strong></span> <span class='ocrx_word' id='word_1_211' title='bbox 555 2260 652 2322; x_wconf 88' lang='lat' dir='ltr'><strong>Nicias</strong></span> <span class='ocrx_word' id='word_1_212' title='bbox 667 2281 779 2323; x_wconf 92' lang='lat' dir='ltr'><strong>manum</strong></span> <span class='ocrx_word' id='word_1_213' title='bbox 795 2263 989 2338; x_wconf 81' lang='lat' dir='ltr'><strong>admovisset,</strong></span> <span class='ocrx_word' id='word_1_214' title='bbox 1006 2272 1067 2324; x_wconf 89' lang='lat' dir='ltr'><strong>tan·</strong></span> <span class='ocrx_word' id='word_1_215' title='bbox 1116 2276 1119 2282; x_wconf 84' lang='lat'>·</span> 
     </span>
     <span class='ocr_line' id='line_1_25' title="bbox 61 2344 1067 2409; baseline -0.001 -3"><span class='ocrx_word' id='word_1_216' title='bbox 61 2356 117 2407; x_wconf 90' lang='lat' dir='ltr'><strong>turn</strong></span> <span class='ocrx_word' id='word_1_217' title='bbox 128 2344 334 2407; x_wconf 90' lang='lat' dir='ltr'><strong>circumlitioni</strong></span> <span class='ocrx_word' id='word_1_218' title='bbox 350 2345 414 2407; x_wconf 89' lang='lat' dir='ltr'><strong>eius</strong></span> <span class='ocrx_word' id='word_1_219' title='bbox 432 2345 587 2408; x_wconf 89' lang='lat' dir='ltr'><strong>tribuebat.</strong></span> <span class='ocrx_word' id='word_1_220' title='bbox 619 2345 685 2408; x_wconf 91' lang='lat' dir='ltr'><strong>Non</strong></span> <span class='ocrx_word' id='word_1_221' title='bbox 701 2349 772 2409; x_wconf 90' lang='lat' dir='ltr'><strong>satis</strong></span> <span class='ocrx_word' id='word_1_222' title='bbox 792 2348 967 2408; x_wconf 90' lang='lat' dir='ltr'><strong>discernitur</strong></span> <span class='ocrx_word' id='word_1_223' title='bbox 982 2348 1067 2408; x_wconf 92' lang='lat' dir='ltr'><strong>alium</strong></span> 
     </span>
     <span class='ocr_line' id='line_1_26' title="bbox 32 2430 1068 2511; baseline -0.003 -17"><span class='ocrx_word' id='word_1_224' title='bbox 32 2432 165 2494; x_wconf 78' lang='lat' dir='ltr'><strong>aeonem</strong></span> <span class='ocrx_word' id='word_1_225' title='bbox 196 2431 312 2492; x_wconf 90' lang='lat' dir='ltr'><strong>nomine</strong></span> <span class='ocrx_word' id='word_1_226' title='bbox 333 2448 369 2492; x_wconf 95' lang='lat' dir='ltr'><strong>an</strong></span> <span class='ocrx_word' id='word_1_227' title='bbox 392 2430 466 2493; x_wconf 90' lang='lat' dir='ltr'><strong>bunc</strong></span> <span class='ocrx_word' id='word_1_228' title='bbox 491 2431 613 2493; x_wconf 90' lang='lat' dir='ltr'><strong>eundem</strong></span> <span class='ocrx_word' id='word_1_229' title='bbox 629 2432 748 2511; x_wconf 88' lang='lat' dir='ltr'><strong>qnidam</strong></span> <span class='ocrx_word' id='word_1_230' title='bbox 771 2433 879 2494; x_wconf 90' lang='lat' dir='ltr'><strong>iaciant</strong></span> <span class='ocrx_word' id='word_1_231' title='bbox 903 2430 1068 2510; x_wconf 71' lang='lat' dir='ltr'><strong>olympiade</strong></span> 
     </span>
     <span class='ocr_line' id='line_1_27' title="bbox 63 2514 1112 2597; baseline 0 -19"><span class='ocrx_word' id='word_1_232' title='bbox 63 2514 151 2578; x_wconf 87' lang='lat' dir='ltr'><strong>cxtt.</strong></span> <span class='ocrx_word' id='word_1_233' title='bbox 175 2515 240 2597; x_wconf 77' lang='lat'><strong>129]</strong></span> <span class='ocrx_word' id='word_1_234' title='bbox 256 2515 359 2578; x_wconf 89' lang='lat' dir='ltr'><strong>Niciae</strong></span> <span class='ocrx_word' id='word_1_235' title='bbox 375 2526 550 2597; x_wconf 91' lang='lat' dir='ltr'><strong>conparatur</strong></span> <span class='ocrx_word' id='word_1_236' title='bbox 563 2525 593 2578; x_wconf 91' lang='lat' dir='ltr'><strong>et</strong></span> <span class='ocrx_word' id='word_1_237' title='bbox 609 2516 762 2597; x_wconf 91' lang='lat' dir='ltr'><strong>aliquando</strong></span> <span class='ocrx_word' id='word_1_238' title='bbox 777 2519 943 2597; x_wconf 80' lang='lat' dir='ltr'><strong>praefertur</strong></span> <span class='ocrx_word' id='word_1_239' title='bbox 958 2514 1112 2580; x_wconf 73' lang='lat' dir='ltr'><strong>Athe-134</strong></span> 
     </span>
     <span class='ocr_line' id='line_1_28' title="bbox 62 2599 1069 2682; baseline -0.004 -18"><span class='ocrx_word' id='word_1_240' title='bbox 62 2605 129 2664; x_wconf 89' lang='lat' dir='ltr'><strong>niorr</strong></span> <span class='ocrx_word' id='word_1_241' title='bbox 145 2601 306 2662; x_wconf 80' lang='lat' dir='ltr'><strong>Maronites</strong></span> <span class='ocrx_word' id='word_1_242' title='bbox 323 2601 489 2663; x_wconf 85' lang='lat' dir='ltr'><strong>Glaucionis</strong></span> <span class='ocrx_word' id='word_1_243' title='bbox 506 2599 649 2664; x_wconf 79' lang='lat' dir='ltr'><strong>Corinthii</strong></span> <span class='ocrx_word' id='word_1_244' title='bbox 665 2602 842 2682; x_wconf 89' lang='lat' dir='ltr'><strong>discipulus,</strong></span> <span class='ocrx_word' id='word_1_245' title='bbox 859 2603 1007 2664; x_wconf 87' lang='lat' dir='ltr'><strong>austerior</strong></span> <span class='ocrx_word' id='word_1_246' title='bbox 1020 2617 1069 2661; x_wconf 89' lang='lat' dir='ltr'><strong>eo-</strong></span> 
     </span>
     <span class='ocr_line' id='line_1_29' title="bbox 62 2687 1067 2767; baseline -0.002 -18"><span class='ocrx_word' id='word_1_247' title='bbox 62 2689 125 2749; x_wconf 90' lang='lat' dir='ltr'><strong>lore</strong></span> <span class='ocrx_word' id='word_1_248' title='bbox 146 2697 175 2749; x_wconf 91' lang='lat' dir='ltr'><strong>et</strong></span> <span class='ocrx_word' id='word_1_249' title='bbox 196 2688 225 2747; x_wconf 91' lang='lat' dir='ltr'><strong>in</strong></span> <span class='ocrx_word' id='word_1_250' title='bbox 241 2689 413 2748; x_wconf 87' lang='lat' dir='ltr'><strong>austeritate</strong></span> <span class='ocrx_word' id='word_1_251' title='bbox 435 2687 606 2764; x_wconf 91' lang='lat' dir='ltr'><strong>iucundior,</strong></span> <span class='ocrx_word' id='word_1_252' title='bbox 627 2696 658 2747; x_wconf 93' lang='lat' dir='ltr'><strong>ut</strong></span> <span class='ocrx_word' id='word_1_253' title='bbox 678 2690 707 2747; x_wconf 93' lang='lat' dir='ltr'><strong>in</strong></span> <span class='ocrx_word' id='word_1_254' title='bbox 729 2689 792 2767; x_wconf 90' lang='lat' dir='ltr'><strong>ipsa</strong></span> <span class='ocrx_word' id='word_1_255' title='bbox 809 2690 921 2767; x_wconf 91' lang='lat' dir='ltr'><strong>pictura</strong></span> <span class='ocrx_word' id='word_1_256' title='bbox 941 2687 1067 2750; x_wconf 92' lang='lat' dir='ltr'><strong>eruditio</strong></span> 
     </span>
     <span class='ocr_line' id='line_1_30' title="bbox 63 2771 1067 2852; baseline -0.004 -17"><span class='ocrx_word' id='word_1_257' title='bbox 63 2773 185 2835; x_wconf 90' lang='lat' dir='ltr'><strong>eluceat.</strong></span> <span class='ocrx_word' id='word_1_258' title='bbox 228 2773 324 2852; x_wconf 87' lang='lat' dir='ltr'><strong>pinxit</strong></span> <span class='ocrx_word' id='word_1_259' title='bbox 345 2773 374 2832; x_wconf 94' lang='lat' dir='ltr'><strong>in</strong></span> <span class='ocrx_word' id='word_1_260' title='bbox 398 2772 507 2852; x_wconf 92' lang='lat' dir='ltr'><strong>templo</strong></span> <span class='ocrx_word' id='word_1_261' title='bbox 525 2771 666 2833; x_wconf 87' lang='lat' dir='ltr'><strong>Eleusine</strong></span> <span class='ocrx_word' id='word_1_262' title='bbox 686 2772 875 2850; x_wconf 77' lang='lat' dir='ltr'><strong>Phylarchum</strong></span> <span class='ocrx_word' id='word_1_263' title='bbox 894 2780 924 2833; x_wconf 91' lang='lat' dir='ltr'><strong>et</strong></span> <span class='ocrx_word' id='word_1_264' title='bbox 943 2772 1067 2834; x_wconf 90' lang='lat' dir='ltr'><strong>Athenis</strong></span> 
     </span>
     <span class='ocr_line' id='line_1_31' title="bbox 34 2857 1068 2938; baseline -0.001 -21"><span class='ocrx_word' id='word_1_265' title='bbox 34 2859 254 2938; x_wconf 74' lang='lat' dir='ltr'><strong>infrequentiam</strong></span> <span class='ocrx_word' id='word_1_266' title='bbox 277 2875 361 2938; x_wconf 92' lang='lat' dir='ltr'><strong>quam</strong></span> <span class='ocrx_word' id='word_1_267' title='bbox 377 2875 523 2920; x_wconf 84' lang='lat' dir='ltr'><strong>vocavere</strong></span> <span class='ocrx_word' id='word_1_268' title='bbox 538 2859 734 2935; x_wconf 77' lang='lat' dir='ltr'><strong>spngenieon,</strong></span> <span class='ocrx_word' id='word_1_269' title='bbox 759 2860 829 2920; x_wconf 91' lang='lat' dir='ltr'><strong>item</strong></span> <span class='ocrx_word' id='word_1_270' title='bbox 845 2857 989 2918; x_wconf 86' lang='lat' dir='ltr'><strong>Achillem</strong></span> <span class='ocrx_word' id='word_1_271' title='bbox 1012 2859 1068 2916; x_wconf 89' lang='lat' dir='ltr'><strong>vir-</strong></span> 
     </span>
     <span class='ocr_line' id='line_1_32' title="bbox 62 2941 1068 3024; baseline -0.004 -20"><span class='ocrx_word' id='word_1_272' title='bbox 62 2947 137 3024; x_wconf 91' lang='lat' dir='ltr'><strong>ginis</strong></span> <span class='ocrx_word' id='word_1_273' title='bbox 153 2943 252 3004; x_wconf 89' lang='lat' dir='ltr'><strong>habitu</strong></span> <span class='ocrx_word' id='word_1_274' title='bbox 270 2943 443 3004; x_wconf 89' lang='lat' dir='ltr'><strong>occultatum</strong></span> <span class='ocrx_word' id='word_1_275' title='bbox 459 2941 547 3004; x_wconf 89' lang='lat' dir='ltr'><strong>Ulixe</strong></span> <span class='ocrx_word' id='word_1_276' title='bbox 564 2942 782 3023; x_wconf 85' lang='lat' dir='ltr'><strong>deprendente,</strong></span> <span class='ocrx_word' id='word_1_277' title='bbox 805 2945 882 3004; x_wconf 90' lang='lat' dir='ltr'><strong>etin</strong></span> <span class='ocrx_word' id='word_1_278' title='bbox 900 2960 954 3002; x_wconf 88' lang='lat' dir='ltr'><strong>una</strong></span> <span class='ocrx_word' id='word_1_279' title='bbox 972 2941 1068 3001; x_wconf 89' lang='lat' dir='ltr'><strong>tabula</strong></span> 
     </span>
     <span class='ocr_line' id='line_1_33' title="bbox 63 3028 1067 3108; baseline -0.004 -18"><span class='ocrx_word' id='word_1_280' title='bbox 63 3029 103 3090; x_wconf 83' lang='lat' dir='ltr'><strong>Vl</strong></span> <span class='ocrx_word' id='word_1_281' title='bbox 119 3030 220 3108; x_wconf 91' lang='lat' dir='ltr'><strong>signa,</strong></span> <span class='ocrx_word' id='word_1_282' title='bbox 248 3046 364 3108; x_wconf 90' lang='lat' dir='ltr'><strong>quaque</strong></span> <span class='ocrx_word' id='word_1_283' title='bbox 391 3046 521 3089; x_wconf 91' lang='lat' dir='ltr'><strong>maxume</strong></span> <span class='ocrx_word' id='word_1_284' title='bbox 548 3028 681 3088; x_wconf 88' lang='lat' dir='ltr'><strong>inclaruit</strong></span> <span class='ocrx_word' id='word_1_285' title='bbox 706 3045 864 3107; x_wconf 81' lang='lat' dir='ltr'><strong>agasonem</strong></span> <span class='ocrx_word' id='word_1_286' title='bbox 893 3046 956 3088; x_wconf 91' lang='lat' dir='ltr'><strong>cum</strong></span> <span class='ocrx_word' id='word_1_287' title='bbox 980 3043 1067 3105; x_wconf 90' lang='lat' dir='ltr'><strong>equo.</strong></span> 
     </span>
     <span class='ocr_line' id='line_1_34' title="bbox 65 3111 1111 3195; baseline -0.001 -19"><span class='ocrx_word' id='word_1_288' title='bbox 65 3115 210 3195; x_wconf 90' lang='lat' dir='ltr'><strong>quodnisi</strong></span> <span class='ocrx_word' id='word_1_289' title='bbox 226 3115 255 3174; x_wconf 92' lang='lat' dir='ltr'><strong>in</strong></span> <span class='ocrx_word' id='word_1_290' title='bbox 270 3115 386 3174; x_wconf 81' lang='lat' dir='ltr'><strong>iuuenta</strong></span> <span class='ocrx_word' id='word_1_291' title='bbox 404 3114 543 3191; x_wconf 92' lang='lat' dir='ltr'><strong>obiisset,</strong></span> <span class='ocrx_word' id='word_1_292' title='bbox 558 3131 642 3174; x_wconf 92' lang='lat' dir='ltr'><strong>nemo</strong></span> <span class='ocrx_word' id='word_1_293' title='bbox 656 3121 876 3195; x_wconf 88' lang='lat' dir='ltr'><strong>conpararetur.</strong></span> <span class='ocrx_word' id='word_1_294' title='bbox 912 3111 977 3193; x_wconf 76' lang='lat'>[301</span> <span class='ocrx_word' id='word_1_295' title='bbox 996 3111 1051 3172; x_wconf 84' lang='lat' dir='ltr'><strong>Est</strong></span> <span class='ocrx_word' id='word_1_296' title='bbox 1063 3123 1111 3178; x_wconf 78' lang='lat'><strong>135</strong></span> 
     </span>
     <span class='ocr_line' id='line_1_35' title="bbox 64 3197 1068 3280; baseline -0.003 -19"><span class='ocrx_word' id='word_1_297' title='bbox 64 3218 168 3262; x_wconf 91' lang='lat' dir='ltr'><strong>nomen</strong></span> <span class='ocrx_word' id='word_1_298' title='bbox 184 3207 215 3260; x_wconf 94' lang='lat' dir='ltr'><strong>et</strong></span> <span class='ocrx_word' id='word_1_299' title='bbox 229 3197 377 3261; x_wconf 89' lang='lat' dir='ltr'><strong>lleraclidi</strong></span> <span class='ocrx_word' id='word_1_300' title='bbox 393 3197 553 3260; x_wconf 89' lang='lat' dir='ltr'><strong>hlacedoui.</strong></span> <span class='ocrx_word' id='word_1_301' title='bbox 587 3199 671 3260; x_wconf 90' lang='lat' dir='ltr'><strong>initio</strong></span> <span class='ocrx_word' id='word_1_302' title='bbox 688 3200 770 3262; x_wconf 82' lang='lat' dir='ltr'><strong>navis</strong></span> <span class='ocrx_word' id='word_1_303' title='bbox 787 3200 900 3280; x_wconf 84' lang='lat' dir='ltr'><strong>pinxit,</strong></span> <span class='ocrx_word' id='word_1_304' title='bbox 923 3205 1068 3277; x_wconf 89' lang='lat' dir='ltr'><strong>captoque</strong></span> 
     </span>
     <span class='ocr_line' id='line_1_36' title="bbox 34 3284 1069 3363; baseline -0.006 -16"><span class='ocrx_word' id='word_1_305' title='bbox 34 3285 177 3347; x_wconf 70' lang='lat' dir='ltr'><strong>ttPerseo</strong></span> <span class='ocrx_word' id='word_1_306' title='bbox 197 3303 271 3363; x_wconf 91' lang='lat' dir='ltr'><strong>rege</strong></span> <span class='ocrx_word' id='word_1_307' title='bbox 287 3284 418 3346; x_wconf 89' lang='lat' dir='ltr'><strong>Athenas</strong></span> <span class='ocrx_word' id='word_1_308' title='bbox 434 3285 644 3363; x_wconf 83' lang='lat' dir='ltr'><strong>conmigrauit,</strong></span> <span class='ocrx_word' id='word_1_309' title='bbox 669 3284 718 3344; x_wconf 91' lang='lat' dir='ltr'><strong>ubi</strong></span> <span class='ocrx_word' id='word_1_310' title='bbox 736 3285 840 3345; x_wconf 89' lang='lat' dir='ltr'><strong>eodem</strong></span> <span class='ocrx_word' id='word_1_311' title='bbox 856 3292 989 3362; x_wconf 88' lang='lat' dir='ltr'><strong>tempore</strong></span> <span class='ocrx_word' id='word_1_312' title='bbox 1007 3291 1069 3342; x_wconf 91' lang='lat' dir='ltr'><strong>erat</strong></span> 
     </span>
     <span class='ocr_line' id='line_1_37' title="bbox 64 3367 1069 3451; baseline -0.007 -19"><span class='ocrx_word' id='word_1_313' title='bbox 64 3369 251 3432; x_wconf 88' lang='lat' dir='ltr'><strong>lletrodorns</strong></span> <span class='ocrx_word' id='word_1_314' title='bbox 269 3371 367 3450; x_wconf 87' lang='lat' dir='ltr'><strong>pictor</strong></span> <span class='ocrx_word' id='word_1_315' title='bbox 381 3369 515 3451; x_wconf 90' lang='lat' dir='ltr'><strong>idemque</strong></span> <span class='ocrx_word' id='word_1_316' title='bbox 530 3369 741 3450; x_wconf 91' lang='lat' dir='ltr'><strong>philosophus,</strong></span> <span class='ocrx_word' id='word_1_317' title='bbox 759 3371 928 3448; x_wconf 91' lang='lat' dir='ltr'><strong>inutraque</strong></span> <span class='ocrx_word' id='word_1_318' title='bbox 947 3367 1069 3428; x_wconf 91' lang='lat' dir='ltr'><strong>seientia</strong></span> 
     </span>
     <span class='ocr_line' id='line_1_38' title="bbox 64 3451 1069 3534; baseline -0.007 -18"><span class='ocrx_word' id='word_1_319' title='bbox 64 3473 186 3534; x_wconf 91' lang='lat' dir='ltr'><strong>magnae</strong></span> <span class='ocrx_word' id='word_1_320' title='bbox 208 3456 397 3516; x_wconf 87' lang='lat' dir='ltr'><strong>auctoritatis.</strong></span> <span class='ocrx_word' id='word_1_321' title='bbox 435 3458 534 3534; x_wconf 92' lang='lat' dir='ltr'><strong>itaque</strong></span> <span class='ocrx_word' id='word_1_322' title='bbox 556 3473 619 3515; x_wconf 89' lang='lat' dir='ltr'><strong>curn</strong></span> <span class='ocrx_word' id='word_1_323' title='bbox 639 3454 671 3514; x_wconf 88' lang='lat' dir='ltr'><strong>L.</strong></span> <span class='ocrx_word' id='word_1_324' title='bbox 693 3453 798 3515; x_wconf 88' lang='lat' dir='ltr'><strong>Paulus</strong></span> <span class='ocrx_word' id='word_1_325' title='bbox 824 3453 942 3514; x_wconf 83' lang='lat' dir='ltr'><strong>deuicto</strong></span> <span class='ocrx_word' id='word_1_326' title='bbox 957 3451 1069 3511; x_wconf 91' lang='lat' dir='ltr'><strong>Perseo</strong></span> 
     </span>
     <span class='ocr_line' id='line_1_39' title="bbox 65 3534 1071 3621; baseline -0.014 -17"><span class='ocrx_word' id='word_1_327' title='bbox 65 3543 204 3621; x_wconf 90' lang='lat' dir='ltr'><strong>petiisset</strong></span> <span class='ocrx_word' id='word_1_328' title='bbox 225 3540 261 3601; x_wconf 88' lang='lat' dir='ltr'><strong>ab</strong></span> <span class='ocrx_word' id='word_1_329' title='bbox 277 3541 506 3614; x_wconf 89' lang='lat' dir='ltr'><strong>Atheniensibus</strong></span> <span class='ocrx_word' id='word_1_330' title='bbox 523 3540 564 3601; x_wconf 94' lang='lat' dir='ltr'><strong>uti</strong></span> <span class='ocrx_word' id='word_1_331' title='bbox 579 3539 636 3603; x_wconf 90' lang='lat' dir='ltr'><strong>sibi</strong></span> <span class='ocrx_word' id='word_1_332' title='bbox 658 3557 742 3619; x_wconf 89' lang='lat' dir='ltr'><strong>quarn</strong></span> <span class='ocrx_word' id='word_1_333' title='bbox 757 3537 992 3620; x_wconf 87' lang='lat' dir='ltr'><strong>probatissimum</strong></span> <span class='ocrx_word' id='word_1_334' title='bbox 1010 3534 1071 3612; x_wconf 90' lang='lat' dir='ltr'><strong>phi-</strong></span> 
     </span>
    </p>
   </div>
   <div class='ocr_carea' id='block_1_3' title="bbox 0 0 1262 3898">
    <p class='ocr_par' dir='ltr' id='par_1_3' title="bbox 0 0 1262 3898">
     <span class='ocr_line' id='line_1_40' title="bbox 0 0 1262 3898; baseline 0 0"><span class='ocrx_word' id='word_1_335' title='bbox 0 0 1262 3898; x_wconf 95' lang='lat' dir='ltr'><strong> </strong></span> 
     </span>
    </p>
   </div>
  </div>
 </body>
</html>
