2510 3898
291 237 370 286 nas.
392 238 481 287 nasu.
505 229 863 307 xxxv1.a-5.(a—4.)
1025 229 1084 290 107

64 393 229 456 simulacra
249 412 284 454 ea
305 393 471 473 Apollinis,
497 394 625 474 Dianae,
652 395 805 475 Herculis,
827 395 978 460 Minervae
1005 397 1083 478 quod

66 500 84 542 e
101 479 192 541 eaelo
210 487 316 558 postea
333 486 440 540 tactum
457 489 510 541 est.

132 567 163 626 5.
191 564 237 644 [2]
263 561 334 624 (ium
354 563 384 624 hi
409 573 528 643 essent,
550 567 605 626 iam
624 567 720 628 iuerat
739 568 769 626 in
786 564 859 627 clio
875 566 969 628 insula
983 565 1076 628 Helas
1088 577 1121 632 ll

68 649 224 728 scalptor,
245 647 313 709 dein
335 648 411 709 lilius
433 651 496 710 eius
519 649 693 729 Hicciados,
720 669 755 712 ac
781 650 886 712 deinde
907 669 1001 731 nepos
1027 651 1083 712 Ar·

50 735 230 812 schermus,
256 734 338 794 cuius
366 733 417 794 lilii
437 734 564 814 Bupalus
591 743 621 797 et
643 736 768 796 Athenis
796 735 845 797 vel
876 735 1028 797 clarissimi
1054 736 1085 795 in

71 839 107 882 ea
143 819 273 879 scientia
295 819 380 880 luere
405 817 596 899 Hipponactis
624 829 733 900 poetae
758 829 875 899 aetate,
905 837 992 900 quem
1021 838 1085 881 cer·

72 914 132 964 tum
150 911 200 964 est
215 901 276 964 LX.
306 903 469 984 olympiade
488 906 589 967 inisse.
623 904 727 985 quodsi
750 907 814 986 quis
831 905 934 967 horum
950 905 1085 967 familiam

71 989 108 1050 ad
124 1005 271 1068 proarom
285 1007 378 1068 usque
401 997 483 1050 retro
499 998 586 1068 agat,
608 991 737 1051 inveniat
759 992 831 1053 artis
854 992 917 1052 eins
940 991 1084 1069 originem

72 1093 138 1136 oum
155 1072 350 1153 olyrmpiadum
366 1075 449 1135 initio
464 1076 613 1155 coepisse.
641 1073 817 1155 Hipponacti
831 1074 971 1136 notabilis
986 1074 1128 1140 foedi-1²

42 1169 119 1220 rotas
137 1158 239 1219 voltus
258 1166 337 1237 erat,
355 1160 544 1238 quamohrem
564 1161 718 1238 imaginem
739 1162 801 1221 eins
817 1159 937 1221 lascivia
952 1162 1085 1221 iocorum

73 1245 103 1304 hi
118 1261 311 1323 proposuere
326 1243 480 1305 ridentium
496 1245 632 1322 circulis,
654 1244 732 1324 quod
746 1243 903 1324 Hipponax
917 1243 1083 1323 indignatus

74 1329 236 1390 destrinxit
252 1329 470 1390 amaritudinem
487 1330 643 1391 carminum
664 1331 695 1390 in
711 1337 818 1390 tantum
835 1338 867 1389 nt
882 1329 1017 1391 credatur
1033 1327 1084 1389 ali·

5 1425 7 1434 ’
76 1417 142 1493 quis
162 1413 198 1474 ad
214 1413 348 1493 laqueum
364 1431 422 1476 cos.
434 1414 621 1494 conpulisse,
644 1413 839 1492 quodfalsum
857 1421 922 1491 ost,
943 1412 1083 1492 conplura

76 1500 206 1560 enimin
231 1499 358 1559 finitimis
379 1498 482 1559 insulis
506 1499 657 1560 simulacra
680 1507 785 1578 postea
806 1498 927 1575 fecere,
954 1499 1029 1557 sient
1055 1497 1085 1556 in

4 1621 6 1660 ,
45 1583 172 1661 altalo,
189 1583 293 1662 quihus
310 1583 500 1645 subiecerunt
509 1602 626 1646 carmen
637 1600 697 1643 non
714 1583 824 1644 vitihus
843 1590 952 1644 tantum
967 1580 1085 1643 censeri

4 1663 6 1738 l
76 1667 174 1730 Chion
191 1667 245 1729 se'd
262 1677 291 1729 et
304 1668 446 1747 operibus
460 1668 613 1730 Archermi
631 1669 764 1730 liliorum.
788 1666 952 1729 Ostendant
967 1665 1084 1728 ethasii

73 1753 198 1815 Dianam
213 1754 343 1814 manibus
358 1771 460 1814 eornm
474 1755 585 1815 iactam.
609 1755 639 1815 in
654 1755 718 1833 ipsa
733 1751 808 1814 clio
826 1745 940 1813 narrata
951 1760 999 1814 est
1010 1769 1081 1831 ope·
1093 1760 1128 1816 13

76 1843 117 1900 ris
141 1855 243 1900 eorum
258 1836 369 1899 Dianae
390 1839 482 1900 iacies
505 1840 535 1899 in
556 1838 670 1900 sublimi
687 1840 801 1918 posita,
819 1838 901 1898 enias
915 1837 1026 1898 voltum
1042 1839 1085 1897 in·

78 1932 191 1985 trantes
213 1923 345 2001 tristem,
369 1924 513 1984 abeuntes
535 1923 687 1985 hilaratum
705 1931 814 2003 putant.
853 1920 965 1984 Romae
983 1938 1086 1983 eorum

47 2011 163 2088 adsigna
178 2015 245 2068 sunt
260 2009 289 2068 in
303 2006 433 2069 Palatina
456 2008 531 2069 aede
547 2008 695 2088 Apollinis
715 2009 745 2069 in
766 2008 887 2086 fastigio
903 2015 935 2068 et
951 2006 1083 2068 omnihus

77 2094 144 2156 fere
162 2111 239 2173 qnae
250 2092 323 2152 iecit
333 2091 417 2153 divos
429 2092 589 2171 Augustus.
620 2095 713 2172 patris
728 2110 847 2173 quoqne
863 2109 964 2153 eorum
976 2100 1006 2152 et
1017 2089 1084 2151 Deli

78 2180 164 2240 inere
184 2195 275 2257 opera
291 2185 320 2238 et
339 2178 369 2237 in
384 2176 482 2239 Lesbo
497 2176 599 2238 insula.
637 2176 766 2258 Dipoeni
786 2177 902 2257 quidem
916 2176 1082 2252 Ambracia,
1094 2181 1129 2238 14

79 2263 198 2343 Argos,
220 2259 351 2325 Cleonae
374 2262 514 2342 operibns
530 2264 658 2324 reiertae
673 2262 766 2324 inere.
799 2279 899 2323 omnes
915 2269 1011 2322 autem
1025 2269 1086 2321 tan·
1219 2268 1221 2272 ’

3 2375 4 2402 t
80 2358 139 2410 tum
154 2347 277 2410 candido
292 2365 435 2408 marmore
449 2351 495 2409 nsi
513 2356 579 2408 sunt
595 2367 611 2408 e
629 2346 704 2407 Paro
725 2345 837 2424 insula,
859 2361 945 2424 quem
959 2345 1085 2424 lapidem

48 2452 212 2514 accepere
233 2432 383 2511 lychniten
404 2431 571 2513 appellare,
595 2432 731 2512 quoniam
749 2431 785 2491 ad
806 2429 940 2490 lncemas
962 2430 992 2489 in
1006 2430 1085 2489 cuni·

80 2519 152 2580 culis
170 2517 362 2596 caederetur,
385 2525 417 2578 ut
433 2526 535 2578 auctor
555 2524 603 2578 est
618 2515 734 2593 Varro,
755 2513 852 2576 multis
868 2522 973 2593 postea
988 2512 1085 2574 candi

80 2603 213 2666 diorihns
231 2603 372 2682 repertis,
388 2621 482 2683 nuper
495 2620 570 2663 vero
583 2602 669 2663 etiam
685 2601 714 2660 in
725 2599 899 2661 Lunensium
911 2597 1083 2678 laprcrdmrs.

81 2689 134 2750 sed
147 2690 179 2749 in
192 2687 343 2749 Pariorum
359 2686 491 2748 mirabile
506 2686 638 2766 proditur
650 2684 756 2763 glaeba
767 2683 871 2763 lapidis
884 2684 968 2745 unius
983 2685 1085 2745 cuneis

3 2835 4 2840 γ
83 2768 273 2830 dividentium
288 2766 383 2827 soluta
398 2768 553 2845 imaginem
563 2764 654 2826 Sileni
669 2766 746 2824 intus
762 2764 924 2824 exstitisse.
958 2763 1001 2842 [3]
1015 2761 1080 2820 Non
1094 2777 1127 2832 15

49 2851 274 2914 ttomittendum
283 2850 356 2911 hanc
364 2860 455 2912 artem
465 2859 544 2911 tanto
552 2837 1081 2926 vetustiore'minisseqnampicturam

80 2937 128 2988 ant
150 2931 329 3007 statuariam,
342 2947 461 3010 quarum
476 2939 598 3011 utraque
614 2951 677 2993 cum
695 2932 795 2994 Phidia
810 2936 910 3013 coepit
925 2931 1083 2995 LXXXlll.

81 3013 263 3092 olympiade,
288 3023 356 3094 post
376 3033 468 3076 annos
489 3018 608 3077 circiter
627 3024 780 3079 trecentos
799 3019 917 3097 triginta
939 3019 1020 3081 dnos.
1054 3027 1083 3079 et

80 3099 174 3177 ipsum
193 3096 313 3159 Phidian
326 3099 439 3160 tradunt
455 3100 613 3181 scalpsisse
624 3119 783 3181 marmora,
800 3101 1007 3183 Veneremque
1020 3105 1083 3165 eius

81 3201 150 3244 esse
171 3180 283 3244 Romae
312 3184 341 3244 in
363 3182 502 3246 Octaviae
529 3186 670 3266 operibns
701 3189 825 3249 eximiae
851 3188 1081 3267 pulchritudinis.

49 3266 260 3330 esAlcamencn
276 3267 504 3351 Atheniensem,
520 3271 598 3351 quod
612 3281 723 3334 certum
738 3280 802 3352 est,
823 3273 922 3334 docuit
935 3275 965 3334 in
978 3276 1079 3354 primis
1092 3282 1126 3338 16

3 3389 5 3430 ,
80 3352 226 3432 nobilem,
241 3355 323 3415 cuins
337 3363 403 3416 sunt
418 3374 509 3436 opera
521 3357 646 3419 Athenis
657 3358 797 3438 conplura
812 3359 842 3418 in
853 3358 975 3420 aedibus
991 3361 1082 3420 saeris

3 3449 4 3490 1
81 3436 321 3517 praeclarumque
336 3438 464 3502 Veneris
481 3450 678 3505 extramuros
696 3462 771 3524 quae
786 3443 950 3523 appellatur
968 3443 1083 3523 Aphro·

81 3521 139 3583 dita
161 3516 199 3584 ἐν
228 3513 356 3604 κήποις.
394 3525 462 3587 huic
484 3544 620 3587 summam
640 3545 752 3590 manum
772 3530 839 3609 ipse
860 3526 975 3589 Phidias
1000 3530 1083 3606 inpo-
