2510 3898
321 222 399 280 rtur.
423 231 512 280 nisu.
533 221 882 298 ‘xxxv11.3.(1t-13.)
1045 223 1098 284 lbi
1186 194 1189 199 ι

3 433 4 440 .
101 389 227 468 quamsi
245 379 333 448 nimio
349 387 456 448 ardore
470 386 601 466 flagrent.
626 389 777 466 imaginem
795 389 910 466 igneam
927 390 1101 470 inliislesse,

100 490 160 534 non
171 474 287 551 ignem,
303 472 409 552 placet.
438 490 545 532 summa
559 472 621 532 laus
632 471 764 534 Falernis
780 475 867 532 arini
886 473 988 534 colore
1006 475 1101 552 dictis,

101 557 182 618 molli
197 555 315 635 fulgore
333 559 507 636 perspicuis.
540 557 690 636 inquibus
708 565 738 617 et
752 558 866 618 decocti
883 558 978 618 mellis
996 559 1101 619 lenitas

101 643 225 722 placeat.
256 660 356 702 verum
372 641 429 702 boc
442 658 559 720 quoque
574 649 673 701 notum
688 641 750 701 fieri
767 651 902 720 oportet,
916 659 1098 722 quocumque
1111 655 1146 708 tc

79 725 188 787 amodo
200 725 292 786 libeat
302 726 392 804 tingui
402 725 561 786 haedorum
576 725 651 786 sebo
665 734 694 786 et
710 725 854 787 anchusae
870 725 978 804 radice,
992 728 1100 806 quippe

3 881 4 886 γ
101 811 197 871 iamet
209 810 362 887 conchylio
374 811 546 870 inficiuntur.
564 818 693 869 cetorum
704 812 803 870 attritu
815 810 971 888 digitorum
983 820 1102 890 accepta

3 901 5 908 “
101 895 208 955 caloris
224 897 316 954 anima
330 894 443 954 trahunt
458 896 487 953 in
503 912 536 954 se
552 893 652 973 paleas
665 903 694 954 et
706 895 776 955 iolia
792 896 870 956 arida
886 905 916 955 et
928 895 1056 973 philyras
1072 904 1102 954 ut

100 997 220 1058 magnes
233 979 306 1058 lapis
318 981 435 1039 ferrum.
450 986 578 1038 ramenta
589 996 707 1057 quoque
717 981 779 1038 eius
790 979 858 1040 oleo
869 979 966 1040 addito
980 979 1101 1057 flagrant
1125 981 1128 987 '

100 1063 253 1124 dilucidius
275 1063 439 1141 diutiusque
460 1080 543 1141 quam
562 1062 611 1123 lini
632 1063 764 1124 medulla.
801 1062 923 1124 laxatio
941 1067 969 1123 in
985 1063 1098 1124 deliciis
1110 1076 1144 1129 49

68 1167 92 1208 ro
100 1156 178 1208 tanta
194 1155 225 1208 ut
241 1147 363 1208 bominis
376 1147 505 1226 quamvis
520 1165 609 1226 parua
621 1148 736 1226 eiiigies
754 1149 886 1209 vivorum
901 1147 1045 1208 hominum
1060 1149 1101 1207 ui-

3 1273 5 1318 ε
100 1234 290 1311 gentiumque
302 1235 397 1311 pretia
407 1240 579 1312 exsuperet,
595 1250 716 1311 prorsus
725 1241 756 1292 ut
764 1234 917 1310 castigatio
930 1251 985 1292 una
995 1250 1053 1292 non
1064 1233 1102 1291 sit

3 1323 5 1360 f
101 1319 181 1377 satis.
214 1318 244 1376 iu
261 1314 418 1377 Corinthiis
437 1335 488 1376 aes
503 1316 601 1396 placet
622 1325 745 1395 argento
767 1335 896 1396 auroque
914 1319 1050 1393 mixtum,
1073 1318 1101 1375 in

100 1401 222 1462 caelatis
246 1420 293 1462 ars
317 1411 347 1463 et
366 1403 491 1480 ingenia.
528 1400 738 1478 myrrhinorum
763 1411 793 1462 et
814 1401 1045 1478 crystallinorum
1062 1399 1101 1459 di-

99 1489 194 1546 ximus
216 1488 355 1564 gratiam,
380 1489 504 1548 uniones
529 1487 624 1565 capite
645 1487 901 1561 circumferuntur,
927 1501 1059 1563 gemmae
1072 1503 1092 1536 ²1
1102 1513 1142 1548 aa.

68 1572 220 1649 redigitis,
232 1573 261 1630 in
277 1571 408 1631 omnibus
423 1570 550 1650 denique
566 1571 629 1630 aliis
643 1571 721 1631 uitiis
733 1578 781 1630 aut
794 1572 952 1629 ostentatio
969 1577 1017 1628 aut
1032 1585 1100 1627 usus

99 1657 215 1736 placet,
231 1657 260 1714 in
274 1657 380 1716 sucinis
396 1656 458 1716 sola
469 1654 637 1714 deliciarum
648 1655 835 1714 conscicntia.
862 1652 1005 1712 Domitius
1018 1651 1098 1712 Nero
1110 1663 1143 1712 50

100 1743 129 1800 in
150 1741 260 1801 ceteris
281 1743 359 1800 vitae
389 1757 459 1800 snae
486 1739 631 1818 portentis
657 1739 779 1818 capillos
805 1755 921 1816 quoque
943 1736 1100 1816 Poppaeae

100 1825 235 1902 coniugis
252 1841 322 1885 suae
337 1826 366 1884 in
384 1823 440 1884 hoc
455 1842 560 1885 nornen
585 1824 775 1902 adoptaverat
792 1822 915 1901 quodam
936 1823 1022 1881 etiam
1040 1838 1102 1880 oar-

99 1911 177 1970 mine
200 1910 316 1969 sucinos
332 1907 516 1988 appellando.
548 1910 681 1986 quoniam
704 1907 789 1967 nullis
810 1908 889 1966 vitiis
911 1905 1016 1966 desunt
1034 1922 1102 1983 pre·

65 1996 177 2058 totiosa
197 1994 329 2071 nomina,
351 2011 390 2055 ex
408 2011 445 2052 eo
464 1994 567 2052 tertius
585 1991 632 2052 hic
649 1992 761 2071 quidam
780 1990 863 2052 colos
882 1991 981 2070 coepit
1000 1989 1100 2067 expeti

100 2079 249 2138 matronis.
289 2096 358 2138 usus
378 2086 472 2138 tamen
491 2076 595 2155 aliquis
620 2078 784 2137 sucinorum
800 2077 947 2135 invenitur
966 2075 996 2133 in
1013 2072 1101 2133 medi·

100 2164 181 2238 cina,
202 2162 255 2222 sed
269 2180 328 2223 non
346 2163 383 2222 ob
404 2161 460 2222 hoc
483 2162 595 2221 feminis
613 2160 738 2240 placent.
775 2160 934 2221 lniantihus
951 2157 1145 2235 adalligaricu

100 2246 218 2307 amuleti
234 2247 348 2306 ratione
364 2246 494 2327 prodest.
521 2243 704 2305 Callistratus
719 2245 864 2324 prodesse
877 2245 963 2303 etiam
978 2244 1101 2302 cuicum·

100 2350 159 2410 que
174 2333 262 2391 aetati
279 2339 380 2391 contra
395 2330 607 2409 lymphationes
625 2329 712 2389 tradit
727 2337 757 2389 et
771 2330 871 2388 urinae
886 2325 1101 2387 difficultatibus

67 2425 199 2495 epotum
229 2415 478 2494 adalligatumque.
524 2414 571 2475 bic
604 2421 634 2474 et
663 2412 854 2473 differentiam
879 2428 984 2472 novam
1007 2408 1102 2468 attulit

3 2503 4 2506 ’
99 2499 275 2579 appellando
292 2500 537 2576 chryselectrum,
555 2497 632 2576 quod
650 2498 688 2556 sit
703 2496 812 2557 coloris
828 2497 909 2554 aurei
922 2503 952 2554 et
963 2493 1102 2552 matutino

100 2585 257 2662 gratissimi
275 2584 447 2663 adspectus,
469 2583 684 2661 rapacissimum
699 2583 821 2659 ignium,
843 2581 868 2639 si
886 2581 966 2638 iuxta
981 2577 1101 2652 inerint,

100 2665 257 2729 celerrime
272 2668 439 2732 ardescens.
474 2665 531 2727 hoc
546 2665 625 2727 collo
640 2664 823 2743 adalligatum
840 2664 949 2724 mederi
970 2660 1102 2722 febribus

3 2803 4 2824 ,
101 2761 131 2813 et
145 2753 275 2829 morbis,
299 2755 395 2812 tritum
411 2769 475 2812 cum
490 2751 577 2812 melle
593 2768 627 2810 ac
641 2768 766 2811 rosaceo
781 2753 890 2810 aurium
911 2749 989 2807 uitiis
1007 2754 1054 2821 et,
1077 2745 1101 2804 si

3 2827 4 2890 Ϊ
65 2855 162 2905 aucum
195 2836 284 2897 melle
311 2836 411 2898 Attico
440 2844 567 2914 teratur,
596 2835 745 2896 oculorum
772 2852 889 2914 quoque
918 2829 1099 2892 obscuritati.

100 2920 242 2982 stomachi
262 2923 347 2981 etiam
370 2922 448 2981 vitiis
471 2920 519 2980 uel
534 2938 589 2999 per
608 2939 641 2980 se
656 2921 748 2980 iarina
765 2921 827 2978 eius
845 2925 956 2995 sumpta
974 2913 1021 2974 vel
1039 2931 1104 2977 cum

3 2999 5 3036 l
100 3005 241 3066 mastiche
257 3013 329 3084 poto
339 3025 377 3065 ex
386 3022 469 3085 aqua.
485 3005 590 3065 Sucina
606 3013 635 3065 et
648 3006 767 3083 gemmis
779 3021 853 3081 quae
866 3009 932 3060 sunt
944 2997 1102 3060 tralucidae

3 3095 5 3166 j
102 3090 297 3151 adulterandis
323 3107 457 3168 magnum
483 3089 592 3151 habent
621 3089 731 3166 locum,
765 3104 894 3146 maxume
921 3083 1101 3160 amethystis,

3 3201 6 3294 p
102 3193 164 3234 cum
178 3184 273 3235 tamen
290 3177 382 3252 omni,
400 3183 430 3234 ut
445 3173 585 3252 diximus,
601 3173 703 3234 coloro
719 3173 893 3249 tinguantur.
1121 3191 1145 3221 aa

3 3301 5 3336 2
69 3283 94 3326 au
165 3259 249 3339 (13.)
266 3258 311 3320 De
331 3259 464 3336 lyncurio
481 3275 622 3336 proxume
646 3257 701 3317 dici
718 3259 798 3335 cogit
812 3263 960 3315 auctorum
974 3254 1145 3333 partina-52

103 3345 156 3422 cia,
166 3345 287 3423 quippe,
296 3343 473 3404 etiamsinon
485 3342 624 3402 electmm
632 3343 661 3402 id
670 3360 738 3401 esse
748 3340 936 3417 contendunt,
944 3339 1104 3415 lyncurium

103 3437 196 3488 tamen
204 3445 346 3507 gemmam
359 3426 547 3504 essevolunt,
562 3427 623 3487 lieri
632 3434 727 3486 autem
737 3427 862 3486 exurina
871 3423 985 3504 quidem
999 3423 1103 3498 lyncis,

103 3512 200 3574 sedet
218 3531 331 3591 genere
347 3521 462 3587 terrac,
478 3513 611 3590 protinus
629 3527 665 3571 eo
685 3509 797 3571 animali
815 3510 923 3568 urinam
936 3507 1102 3584 operiente,

3 3653 11 3809 l
