2468 3896
58 277 61 283 ,
156 203 197 266 24
502 217 532 266 c.
548 218 644 266 anrnr
658 216 808 266 sncunnr

158 369 391 433 ccccxxxlx.
419 390 521 432 annum
547 409 587 419 -
609 372 694 433 tradit
715 374 861 432 inventum
885 372 1001 431 minium
1025 389 1041 430 a
1065 368 1189 433 Gallia

157 455 339 518 Atheniense
361 458 445 516 initio
474 467 612 535 sperante
639 474 737 516 aurum
760 457 885 534 excoqui
907 473 998 536 posse
1026 455 1185 516 harenae

157 540 272 600 rubenti
301 543 330 601 in
355 540 478 600 metallis
510 543 631 619 argenti.
680 540 753 600 hanc
783 540 876 600 luisse
905 541 1048 617 originem
1081 541 1182 616 eius,

118 634 167 687 114
178 626 302 703 reperiri
325 632 420 685 autem
442 627 496 684 iam
518 633 576 684 tum
596 627 625 684 in
646 623 802 703 Hispania,
825 623 876 684 sed
897 623 997 683 durum
1016 631 1047 683 et
1072 622 1183 684 bare-

157 725 275 786 nosum,
295 710 365 770 item
386 709 461 786 apud
476 707 602 769 Colchos
625 711 653 767 in
672 726 745 787 rupe
762 707 881 786 quadarn
895 709 1028 767 inaccesa
1045 725 1087 767 ex
1103 711 1208 785 qua⁵

158 792 316 852 iaculantes
336 793 518 853 decuterent.
559 793 587 852 id
612 811 680 852 esse
705 791 882 870 adulterum,
909 800 1054 869 optumum
1082 809 1178 852 vero

159 894 245 955 supra
266 875 415 955 Ephesum
439 874 578 937 Cilbianis
605 878 683 954 agris
709 876 816 937 harena
845 877 925 936 cocci
954 874 1088 935 colorem
1111 875 1177 935 ha-

158 960 265 1038 bente,
287 961 360 1020 hanc
382 963 456 1037 teri,
479 961 545 1022 dein
565 961 654 1020 lavari
677 961 795 1021 lerinam
813 968 843 1020 et
862 958 940 1038 quod
956 959 1091 1019 subsidat
1105 961 1177 1020 ite-

157 1063 218 1103 rum
233 1045 331 1105 lavari.
365 1044 556 1105 differentiam
570 1046 642 1115 artis
661 1044 822 1122 essequod
841 1044 890 1104 alii
914 1044 1029 1103 minium
1050 1043 1176 1104 iaciant

157 1131 248 1206 prima
271 1128 383 1206 lotura,
408 1129 481 1207 apud
503 1129 577 1188 alios
597 1129 627 1188 id
645 1147 713 1189 esse
733 1127 870 1205 dilutius,
891 1127 1041 1205 sequentis
1059 1136 1220 1187 autem1o

158 1211 270 1273 loturae
287 1221 439 1292 optumum.

117 1304 167 1359 115
241 1296 320 1376 (38.)
341 1296 554 1356 Auctoritatem
578 1295 671 1357 colori
692 1297 785 1356 fuisse
804 1313 862 1357 non
877 1297 975 1355 miror.
1007 1297 1061 1355 iam
1080 1296 1172 1355 enim

158 1379 291 1440 Troianis
314 1381 494 1459 temporibus
516 1380 631 1440 rubrica
650 1382 679 1440 in
701 1379 814 1440 honore
837 1388 899 1440 erat
914 1378 1042 1440 llomero
1066 1387 1170 1456 teste,

158 1467 206 1543 qui
229 1467 310 1525 navis
333 1483 368 1526 ea
392 1463 587 1542 commendat,
611 1464 682 1524 allas
701 1466 778 1524 circa
798 1466 946 1542 pigmenta
969 1465 1169 1542 picturasque

158 1545 249 1609 rarus.
280 1549 382 1609 milton
399 1557 505 1608 uocant
527 1546 647 1624 Graeci,
670 1549 844 1626 miniumque
866 1548 1048 1608 cinnabarim.
1079 1547 1213 1609 unde1⁵

118 1643 168 1696 116
179 1641 261 1692 natus
287 1650 371 1693 error
385 1631 484 1692 Indico
506 1634 631 1693 nomine.
662 1634 705 1692 sic
727 1633 802 1691 enim
824 1631 973 1712 appellant
989 1631 1031 1691 illi
1046 1632 1168 1692 saniem

158 1715 291 1776 draconis
315 1715 379 1775 elisi
403 1715 624 1793 elephantorum
644 1717 827 1776 morientium
851 1716 983 1794 pondere
1011 1716 1166 1794 permixto

117 1801 331 1877 neutriusque
352 1799 481 1858 animalis
505 1801 662 1876 sanguine,
681 1808 711 1860 ut
737 1799 867 1860 diximus.
901 1818 998 1878 neque
1016 1807 1062 1859 est
1082 1799 1166 1859 alius

158 1883 243 1944 color
263 1885 310 1961 qui
335 1884 364 1942 in
387 1883 508 1960 picturis
530 1885 650 1962 proprie
668 1885 835 1961 sanguinem
857 1883 967 1944 reddat.
998 1883 1047 1943 illa
1062 1884 1166 1944 cinna-

158 1967 236 2028 baris
252 1966 389 2027 antidotis
404 1965 680 2047 medicamentisque
696 1968 847 2027 utilissima
863 1977 917 2028 est.
945 1975 985 2043 at,
1000 1965 1161 2045 Hercules,
1174 1985 1206 2030 ao

158 2050 279 2127 medici,
307 2051 372 2128 quia
395 2051 570 2112 cinnabarim
591 2060 713 2128 vocant,
734 2059 851 2111 utuntur
873 2052 930 2112 hoc
950 2052 1054 2127 minio,
1079 2053 1165 2128 quod

119 2155 153 2190 nr
163 2153 307 2195 uenenum
323 2153 392 2195 esse
407 2135 494 2213 paulo
512 2153 581 2196 mox
595 2135 772 2198 docebimus.

120 2228 167 2282 117
243 2218 326 2300 (39.)
350 2217 503 2278 cinnabari
521 2228 640 2280 ueteres
657 2237 730 2299 quae
747 2221 834 2279 etiarn
849 2236 923 2279 nunc
937 2226 1042 2280 vocant
1057 2235 1163 2279 mono·

159 2302 305 2363 chromate
321 2303 487 2382 pingebant.
523 2305 678 2381 pinxerunt
695 2312 725 2364 et
740 2303 870 2382 Ephesio
885 2304 992 2381 minio,
1013 2301 1089 2381 quod
1108 2303 1163 2364 de·

161 2387 293 2448 relictum
315 2396 379 2463 est,
405 2388 471 2467 quia
497 2389 607 2448 curatio
631 2390 725 2465 magni
751 2389 851 2466 operis
879 2395 949 2448 erat.
997 2395 1201 2466 praetereaaa

160 2481 311 2550 utrumque
327 2473 410 2531 nimis
426 2490 493 2531 acre
509 2472 735 2531 existimabatur.
768 2471 835 2532 ideo
852 2473 995 2532 transiere
1011 2470 1047 2530 ad
1063 2469 1161 2530 rubri-

118 2555 189 2641 ’ᾗῇ
203 2574 263 2616 carn
280 2564 309 2614 et
325 2555 504 2634 sinopidem,
520 2555 556 2616 de
575 2556 678 2632 quibus
695 2557 755 2614 suis
771 2555 844 2616 locis
862 2555 961 2616 dicam.
994 2554 1159 2615 cinnabaris

159 2639 337 2699 adulteratur
360 2640 500 2716 sanguine
521 2641 640 2717 caprino
662 2647 710 2699 aut
724 2641 820 2699 sorvis
842 2640 927 2699 tritis.
959 2639 1082 2718 pretium
1096 2639 1157 2698 sin·

160 2741 246 2783 cerae
262 2725 364 2781 nummi
380 2724 594 2800 quinquaginta.

120 2818 170 2872 118
242 2807 324 2885 (40.)
344 2806 414 2866 luba
431 2808 546 2867 minium
566 2808 645 2866 nasci
671 2814 700 2866 et
720 2808 750 2867 in
770 2804 919 2866 Carmania
940 2805 1042 2883 tradit,
1064 2803 1197 2876 'lima-30

159 2910 252 2968 genes
269 2898 298 2950 et
314 2892 343 2950 in
355 2889 530 2969 Aethiopia,
548 2890 600 2951 sed
618 2898 722 2951 neutro
739 2898 777 2951 en
792 2890 859 2950 loco
874 2889 1019 2950 invehitur
1032 2889 1067 2950 ad
1086 2908 1155 2967 nos,

159 2994 214 3036 nec
231 2976 295 3035 iere
311 2974 425 3034 aliunde
442 2992 523 3053 quarn
540 2993 578 3035 ex
591 2973 739 3054 llispania,
755 2973 949 3034 celeberrimo
966 2974 1154 3053 Sisaponensi

160 3060 283 3136 regione
306 3061 334 3117 in
353 3058 470 3120 Baetica
484 3059 616 3119 miniario
630 3058 748 3119 metallo
766 3058 958 3135 vectigalibus
979 3057 1079 3137 populi
1095 3056 1155 3118 Ro·
1212 3075 1215 3081 ’

159 3144 252 3219 mani,
276 3142 380 3201 nullius
404 3146 446 3202 rei
466 3142 653 3220 diligentiore
674 3142 812 3203 custodia.
848 3160 906 3212 non
925 3143 995 3203 licet
1012 3143 1052 3202 ibi
1069 3142 1154 3220 perli-

161 3243 230 3286 cere
245 3225 274 3285 id
289 3227 480 3303 excoqnique.
512 3225 632 3286 Romana
654 3226 783 3287 adfertur
799 3244 872 3288 rena
895 3228 1009 3304 signata
1029 3225 1063 3286 ad
1087 3225 1191 3292 binata

160 3309 237 3368 milia
251 3310 316 3370 fere
332 3308 430 3387 pondo
447 3328 556 3386 annua,
572 3309 683 3370 Romae
699 3319 794 3371 autern
811 3310 940 3387 lavatur,
956 3313 985 3370 in
1001 3309 1150 3371 vendendo

159 3394 257 3472 pretio
283 3400 390 3452 statuto
412 3392 497 3470 lege,
518 3412 554 3454 ne
575 3394 690 3454 modurn
711 3393 886 3472 excederet,
910 3393 964 3454 HS.
979 3392 1058 3453 LXX
1078 3396 1106 3454 in
1119 3394 1168 3466 li·¹

160 3478 236 3537 bras.
276 3476 327 3536 sed
348 3475 526 3537 adulteratur·
546 3478 642 3538 multis
663 3479 772 3556 modis,
797 3478 871 3539 unde
888 3478 995 3557 praeda
1011 3479 1150 3538 societati.
