2468 3896
156 213 198 276 26
501 223 805 273 c.nn1n1sncuun1

157 381 267 458 bitror,
289 387 491 460 praeterquam
512 380 647 440 fortassis
668 378 751 439 inlito
772 380 861 458 capiti
883 381 1017 441 ventrive
1040 381 1160 458 sangui·

158 484 223 526 nem
241 467 333 541 sistit,
354 464 420 524 dum
442 483 478 524 ne
500 482 555 542 qna
574 471 711 543 penetret
726 466 755 522 in
770 464 885 524 viscera
899 481 933 524 ac
950 463 1055 524 volnus
1071 466 1159 524 attin·

157 559 224 627 gat,
238 548 324 610 aliter
339 547 474 608 utendum
489 565 546 608 non
562 547 696 626 equidem
707 564 851 609 censeam.

118 645 166 698 1⁸25
242 633 323 712 (42.)
342 631 528 710 llydrargyro
541 639 691 710 argentum
701 633 846 692 inauratur
857 631 951 692 solum
962 649 1036 692 nnnc
1048 649 1157 710 prope,

159 735 221 778 cum
237 726 266 778 et
287 719 315 776 in
339 735 426 777 aerea
449 716 533 776 simili
549 715 635 776 modu
651 715 715 777 duci
734 715 863 792 debeat,
881 717 935 776 scd
955 715 1055 777 eadem
1076 716 1186 782 lraus5

159 803 276 880 quaein
292 802 366 862 omni
382 809 466 879 parte
489 801 566 860 vitae
588 801 820 878 ingeniosissima
844 809 890 860 cst
910 799 1043 860 viliorem
1066 817 1155 859 exco-

117 905 150 940 nco
163 887 265 962 gitavit
280 887 444 961 materiam,
463 893 493 943 ut
509 884 665 946 docuimus.

117 979 168 1033 lau
240 969 323 1047 (43.)
343 968 416 1028 Auri
433 970 606 1046 argentique
621 970 797 1029 mentionem
814 969 965 1028 comitatur
979 967 1054 1046 lapis
1070 984 1156 1046 quem

160 1052 311 1113 coticulam
337 1052 503 1131 appellant,
530 1053 671 1131 quondam
696 1070 754 1113 non
774 1051 879 1113 solitus
900 1053 1024 1112 inveniri
1048 1052 1101 1111 nisi
1126 1053 1156 1110 in

160 1136 275 1197 flumine
304 1136 424 1214 l'molo,
457 1145 488 1196 ut
515 1146 617 1196 auctor
643 1145 689 1197 est
719 1135 954 1215 Theophrastus,
981 1154 1056 1196 nunc
1082 1152 1154 1196 vero
1170 1156 1201 1198 ao

160 1222 275 1299 passim.
313 1221 360 1282 alii
386 1220 564 1298 Heraclium,
587 1221 635 1280 alii
663 1220 782 1298 Lydium
807 1228 920 1280 vocant.
973 1228 1039 1280 sunt
1060 1227 1156 1279 autem

158 1305 279 1382 modici,
305 1314 459 1385 quaternas
487 1307 585 1365 uncias
613 1305 802 1382 longitudinis
830 1305 971 1382 binasque
996 1303 1155 1365 latitudinis

158 1407 217 1449 non
235 1389 424 1467 excedentes.
461 1389 539 1468 quod
558 1407 575 1448 a
595 1389 660 1450 sole
675 1389 729 1449 luit
750 1391 779 1448 in
799 1386 843 1449 his
859 1388 960 1448 melius
979 1404 1061 1466 quam
1078 1385 1157 1466 quod

160 1492 176 1532 a
192 1481 280 1533 terra.
321 1473 367 1533 his
388 1472 520 1534 coticulis
541 1475 646 1552 periti,
668 1491 730 1533 cum
747 1492 764 1532 e
783 1490 856 1533 vena
872 1481 902 1532 ut
917 1473 983 1532 lima
996 1479 1155 1551 rapuerunt

160 1559 408 1637 experimentum,
442 1558 574 1636 protinus
610 1557 706 1617 dieunt
734 1565 868 1636 quantum
892 1556 953 1616 auri
981 1558 1019 1615 sit
1047 1558 1076 1616 in
1106 1573 1197 1632 ea,1a

160 1650 294 1720 quantum
315 1643 427 1718 argenti
453 1640 501 1701 vel
529 1643 624 1717 aeris,
656 1640 808 1719 scripulari
837 1639 1001 1701 differentia
1029 1639 1153 1700 mirabili

159 1726 272 1784 ratione
291 1742 348 1783 non
363 1724 492 1784 fallente.

117 1818 167 1875 127
242 1809 323 1886 (44.)
344 1808 469 1884 Argenti
489 1807 562 1868 duae
585 1807 778 1869 differentiae.
820 1807 926 1868 vatillis
953 1808 1058 1869 lerreis
1089 1825 1155 1868 can-

159 1891 293 1953 dentibus
309 1900 439 1952 ramento
454 1892 583 1969 inposito
603 1891 680 1971 quod
701 1892 848 1952 candidum
867 1899 1034 1970 permaneat
1049 1892 1155 1970 proba-

161 1985 216 2037 tur.
256 1992 396 2053 proxuma
417 1975 533 2035 bonitas
548 1977 632 2054 rufo,
652 1976 729 2037 nulla
747 1979 843 2054 nigro.
882 1975 935 2036 sed
950 1977 1196 2054 experimentum

160 2076 276 2138 quoque
291 2060 369 2119 fraus
385 2061 553 2120 intervenit.
577 2061 702 2121 servatis
717 2062 748 2120 in
758 2063 839 2120 urina
853 2061 980 2121 virorum
996 2059 1101 2120 vatillis
1114 2061 1155 2118 in·

161 2144 253 2203 licitur
269 2145 308 2203 ita
321 2152 477 2204 ramentum
492 2144 588 2205 obiter
603 2144 667 2204 dum
680 2146 772 2204 uritur
784 2143 995 2221 candoremque
1010 2145 1154 2204 mentitur.

160 2235 206 2286 est
221 2227 339 2306 aliquod
354 2228 583 2306 experimentum
603 2228 688 2306 politi
704 2237 733 2288 et
749 2231 777 2288 in
791 2227 880 2288 halitu
901 2228 1040 2304 hominis,
1061 2229 1085 2286 si
1109 2246 1157 2286 su·

160 2310 210 2371 det
226 2313 358 2390 protinus
375 2312 537 2388 nubemque
556 2312 700 2372 discutiat.

118 2405 170 2460 128
241 2397 270 2457 9.
287 2396 370 2474 (45.)
387 2394 506 2456 Lamnas
521 2396 602 2472 duci,
620 2398 748 2474 speciem
764 2395 826 2456 sreri
840 2413 898 2456 non
914 2398 968 2456 nisl
984 2415 1022 2458 ex
1037 2405 1155 2474 optumo
1166 2423 1197 2464 25

160 2497 250 2557 posse
262 2479 415 2539 eredimus.
433 2480 529 2539 luerat
540 2479 568 2556 id
582 2481 737 2557 integrum,
749 2479 801 2540 sed
815 2479 844 2539 id
856 2498 972 2559 quoque
989 2482 1044 2540 ianr
1054 2479 1155 2541 fraude

161 2565 362 2640 corrumpitur.
382 2562 434 2622 sed
448 2571 548 2622 natura
560 2565 781 2642 miraimagines
797 2563 947 2642 reddendi,
963 2564 1041 2643 quod
1053 2582 1156 2643 reper-

160 2664 245 2706 cusso
267 2664 337 2706 acre
360 2655 447 2724 atque
468 2648 498 2705 in
523 2647 623 2707 oculos
644 2657 765 2724 regesto
789 2648 851 2708 lieri
875 2650 1021 2709 convenit.
1054 2648 1156 2709 eadem

159 2731 204 2788 vis
217 2731 245 2788 in
258 2730 369 2808 speculi
382 2748 445 2789 usu.
467 2730 559 2809 polita
574 2731 764 2792 crassitudine
776 2731 947 2812 paulumque
959 2733 1101 2812 propulsa
1114 2732 1157 2792 di·

159 2813 264 2874 latatur
285 2815 314 2872 in
334 2815 493 2875 inmensum
512 2815 677 2892 magnitudo
698 2817 860 2892 imaginum.
904 2825 1011 2876 tantum
1030 2819 1157 2877 interest
1168 2837 1197 2880 ao

117 2908 168 2964 129
177 2915 380 2977 repercussum
398 2897 478 2958 illurn
500 2909 618 2978 respuat
632 2918 668 2959 an
683 2901 817 2978 excipiat.
852 2902 921 2979 quin
945 2903 1030 2962 etiam
1050 2901 1157 2980 pocula

158 2983 198 3042 ita
230 2983 387 3060 ligurantur
410 2983 541 3062 expulsis
571 2985 647 3044 intus
674 2983 786 3044 crebris
813 3001 867 3046 ceu
894 2985 1021 3064 speculis
1049 2994 1080 3044 ut
1106 2985 1157 3045 vel

159 3084 216 3126 uno
236 3069 367 3136 intuente
390 3067 509 3128 totidem
533 3067 658 3146 populus
678 3069 831 3145 imaginum
854 3069 913 3130 liat.
951 3071 1157 3147 excogitantur

159 3159 190 3210 et
203 3151 396 3228 monstrifica,
412 3160 443 3211 ut
459 3153 488 3211 in
504 3153 613 3230 templo
625 3151 764 3229 Zmyrnae
780 3152 883 3222 dicata.
909 3154 937 3215 id
952 3155 1049 3215 evenit
1064 3154 1157 3231 ligura

158 3236 305 3294 materiae.
346 3235 506 3312 plurumum
528 3237 621 3297 refert
642 3254 769 3297 concava
787 3239 844 3297 siut
860 3247 891 3300 et
906 3239 1002 3318 poculi
1017 3237 1103 3298 modo
1121 3256 1158 3299 an
1169 3262 1198 3302 aa

158 3337 274 3397 parmae
298 3317 503 3398 Threcidicae,
539 3320 634 3381 media
659 3322 800 3399 depressa
830 3339 865 3383 an
891 3323 985 3401 elata,
1020 3332 1155 3384 traversa

158 3420 194 3462 an
215 3403 349 3482 obliqua,
372 3405 472 3482 supina
494 3422 530 3464 an
551 3406 674 3482 inlecta,
697 3405 835 3483 qualitate
854 3409 1029 3487 excipientis
1046 3407 1158 3484 figurae

116 3495 335 3566 130torquente
370 3489 513 3548 venientis
546 3489 671 3550 umbras.
714 3508 809 3568 neque
839 3493 913 3552 enim
937 3501 983 3552 est
1009 3489 1085 3551 aliud
1106 3483 1159 3552 illa
