2510 3898
151 234 210 295 1411
492 241 522 290 o.
541 241 638 289 111111
653 238 804 289 sueonos

146 395 358 463 mixta'harena
374 400 487 476 litoris,
511 398 680 459 tralucentis
702 397 770 458 novi
791 396 916 476 liquoris
933 395 1054 458 fluxisse
1069 398 1153 460 rivos

149 496 179 547 et
193 487 266 548 banc
280 487 372 547 fuisse
388 485 531 563 originem
547 485 623 544 vitri.
674 515 682 538 1

106 583 156 639 191
230 571 313 651 (66.)
341 569 427 647 11111,
454 577 485 629 ut
509 577 555 630 est
574 568 729 647 ingeniosa
750 565 899 643 sollertia,
927 581 985 627 non
1006 568 1060 628 fuit
1080 586 1153 630 con·

149 665 228 718 111111
243 659 348 717 nitrum
363 655 534 731 miscuisse,
553 661 675 732 coeptus
691 651 756 712 addi
772 660 802 712 et
817 669 937 728 magnes
953 650 1044 731 lapis,
1061 671 1153 731 quon-

147 744 203 802 iam
223 743 252 801 in
270 760 304 801 se
322 740 467 819 liquorem
482 739 549 799 vitri
564 755 681 817 quoque
696 744 734 798 ut.
748 737 858 797 ferrum
874 734 991 798 trabere
1011 738 1176 802 creditam

147 826 233 888 simili
259 824 346 886 modo
376 832 406 884 et
429 823 532 884 calculi
557 822 747 902 splendentes
768 820 951 882 multifariam
972 825 1072 901 coepti
1094 825 1151 902 uri,

147 911 213 972 dein
238 909 368 971 conchae
389 927 423 969 ac
445 907 565 970 fossiles
586 908 724 968 harenae.
756 915 891 967 auctores
909 908 1019 966 suntin
1035 907 1115 968 lndia
1133 928 1152 970 e

105 1007 156 1063 193
168 995 308 1073 crystallo
320 995 410 1054 fracta
423 994 487 1054 lieri
500 1001 530 1054 11
546 993 584 1054 ob
601 992 631 1053 id
645 991 752 1052 nullum
767 991 921 1070 conparari
937 990 1045 1053 Indico.
1079 992 1153 1054 levi·

33 1149 44 1158 ,
147 1082 201 1141 bus
225 1089 321 1141 autem
341 1078 489 1156 aridisque
511 1078 597 1157 lignis
622 1078 757 1158 coquitur
779 1075 877 1138 addito
900 1094 991 1156 cypro
1013 1095 1047 1138 ac
1071 1079 1150 1139 nitro

106 1184 135 1228 14,
150 1185 172 1218 as
183 1183 317 1226 maxume
344 1163 474 1243 Ophirio.
518 1164 663 1224 continuis
688 1161 855 1222 fornacibus
880 1170 910 1220 ut
937 1178 988 1222 aes
1012 1162 1150 1243 liquatur,
1162 1179 1191 1222 io

147 1268 319 1329 massaeque
340 1249 411 1309 1111111
432 1247 536 1309 colore
557 1248 658 1327 pingui
682 1248 870 1325 nigricantes.
908 1249 986 1308 acies
1010 1253 1087 1308 tauta
1103 1258 1151 1309 est

147 1352 326 1414 quacumque
349 1342 380 1393 ut
395 1336 467 1394 citra
483 1352 600 1394 sensum
614 1332 702 1392 ullum
719 1331 754 1393 ad
772 1349 840 1393 ossa
855 1341 995 1394 consecet
1013 1331 1151 1412 quidquid

147 1418 298 1480 adflaverit
320 1420 464 1499 corporis.
512 1437 550 1480 111
578 1419 681 1478 massis
701 1436 803 1478 rursus
824 1417 952 1478 funditur
972 1419 1001 1477 in
1024 1417 1151 1479 officinis

147 1505 362 1583 tinguiturque,
396 1512 426 1565 et
449 1503 527 1566 aliud
551 1502 619 1564 flatu
645 1503 802 1581 liguratur,
825 1502 902 1563 aliud
922 1510 1009 1563 torno
1033 1503 1151 1580 teritur,

146 1587 224 1650 aliud
247 1590 360 1667 argenti
381 1588 468 1649 modo
490 1588 635 1666 caelatur,
661 1586 770 1648 Sidone
793 1587 936 1666 quondam
957 1586 1001 1647 bis
1024 1588 1151 1649 officinis
1162 1603 1192 1645 rs

105 1685 155 1740 194
166 1673 269 1751 nobili,
286 1674 428 1752 siquidem
442 1676 529 1735 ctiam
544 1673 664 1753 specula
682 1674 913 1751 excogitaverat.
937 1671 1017 1734 llaec
1032 1673 1086 1734 fuit
1102 1692 1151 1735 an·

148 1759 226 1836 tiqua
248 1760 324 1818 ratio
346 1759 424 1818 vitri.
460 1761 516 1820 iam
537 1765 656 1819 verost
676 1758 705 1818 in
721 1756 868 1818 Volturno
885 1776 968 1820 amne
985 1756 1087 1820 ltaliae
1102 1758 1151 1820 111-

146 1860 216 1903 rena
238 1842 303 1902 alba
328 1861 452 1904 nascens
480 1861 535 1904 sex
556 1841 584 1903 lll
611 1860 691 1922 pass.
719 1842 808 1904 litore
831 1845 910 1904 inter
932 1839 1035 1906 Cumas
1062 1852 1150 1922 atque

146 1925 311 2005 Liternum,
329 1946 384 2006 qua
399 1927 569 1989 mollissima
586 1936 649 2007 est,
664 1927 723 2007 pila
739 1929 853 1989 molave
873 1929 986 1990 teritur.
1017 1927 1151 1989 111111111-

146 2020 245 2073 scetur
264 2013 358 2074 tribus
379 2014 510 2091 partibus
532 2013 600 2073 nitri
622 2012 755 2092 pondere
776 2013 825 2074 vel
839 2031 975 2074 mensura
991 2030 1025 2074 ac
1039 2013 1189 2092 liquatam

144 2099 173 2156 in
195 2096 266 2156 alias
287 2097 415 2158 lomacis
443 2097 659 2159 transfunditur.
695 2098 735 2158 ibi
757 2098 904 2160 1111111111
931 2115 1005 2177 quae
1028 2104 1150 2160 vocatur

144 2181 363 2243 hammonitrum
383 2191 471 2262 atque
492 2182 566 2243 haec
587 2184 759 2264 recoquitur
782 2191 812 2245 11
829 2185 861 2244 lit
878 2185 983 2244 vitrum
998 2201 1098 2263 purum
1115 2203 1150 2245 ac

143 2283 237 2326 massa
258 2267 326 2327 vitri
349 2266 472 2329 candidi.
511 2269 567 2328 iam
586 2285 660 2329 vero
686 2277 716 2329 et
738 2285 790 2346 per
812 2266 918 2330 Gallias
935 2267 1148 2348 Hispaniasque

103 2350 250 2418 1951111111
276 2351 363 2413 modo
385 2352 492 2414 harena
513 2361 701 2432 temperatur.
740 2353 850 2414 Ferunt
873 2352 993 2415 Tiberio
1015 2355 1148 2434 principe

144 2438 313 2513 excogitato
334 2439 402 2497 vitri
428 2445 658 2518 temperamento
680 2446 711 2497 ut
732 2437 832 2500 flexile
851 2445 932 2500 esset
952 2446 1041 2500 totam
1057 2440 1188 2502 offici-as

143 2539 207 2581 nam
222 2521 342 2582 artificis
359 2524 423 2583 eius
442 2522 596 2601 abolitam,
618 2541 655 2584 ue
670 2524 766 2602 aeris,
787 2526 920 2603 argenti,
946 2525 1007 2585 auri
1022 2525 1148 2586 metallis

143 2606 238 2684 pretia
254 2604 496 2685 detraherentur,
521 2626 615 2686 eaque
635 2608 709 2668 fama
725 2609 860 2670 crebrior
874 2609 922 2668 diu
937 2627 1020 2688 quam
1037 2612 1150 2672 certior

143 2691 205 2752 fuit.
239 2689 291 2751 sed
318 2690 386 2770 quid
408 2693 502 2752 refert
518 2691 647 2753 Neronis
670 2695 833 2773 principatu
853 2703 972 2773 reperta
993 2697 1061 2756 vitri
1083 2704 1148 2757 1111

144 2791 218 2852 quae
244 2774 375 2837 modicos
397 2775 504 2838 calices
527 2776 601 2837 duos
628 2796 701 2856 quos
723 2779 911 2864 appellabant
932 2788 1069 2858 petrotos
1089 2779 1146 2842 llS.

142 2863 185 2926 ἢ
198 2858 352 2924 venderet.
1158 2896 1186 2939 30

100 2953 151 3009 196
228 2945 310 3025 (67.)
331 2945 365 3006 In
389 2965 502 3026 genere
523 2949 590 3008 vitri
614 2957 645 3010 11
660 2949 780 3010 obsiana
796 2959 983 3012 numerantur
997 2951 1032 3013 ad
1048 2951 1149 3013 simili·
1232 2985 1234 2990 ,

143 3029 270 3091 tudinem
285 3030 389 3111 lapidis
405 3051 491 3112 quem
508 3035 538 3094 111
552 3033 712 3114 Aethiopia
727 3036 839 3098 invenit
854 3035 979 3114 Obsius,
995 3038 1147 3117 nigerrimi

142 3113 265 3194 coloris,
281 3116 436 3197 aliquando
451 3127 481 3180 et
496 3118 639 3198 tralucidi,
658 3120 805 3184 crassiore
821 3122 885 3184 visu
898 3128 986 3201 atque
1000 3123 1030 3183 in
1043 3141 1147 3202 specu·

143 3199 180 3260 lis
193 3203 338 3279 parietum
350 3221 405 3284 pro
417 3204 542 3283 imagine
556 3205 671 3266 umbras
688 3205 838 3268 reddente.
865 3225 994 3286 gemmas
1010 3208 1091 3269 multi
1107 3227 1148 3270 ex

142 3302 179 3346 eo
197 3286 325 3365 faciunt,
347 3288 470 3349 vidimus
493 3297 523 3351 11
544 3290 653 3351 solidas
669 3291 810 3371 imagines
829 3293 887 3354 divi
902 3293 1027 3372 Augusti
1045 3294 1186 3373 capacias

140 3372 261 3432 materia
276 3371 360 3434 huius
381 3373 599 3453 crassitudinis,
620 3375 785 3458 dicavitque
803 3380 868 3458 ipse
889 3396 944 3458 pro
959 3379 1099 3440 miraculo
1115 3381 1147 3440 in

99 3464 148 3522 197
161 3454 272 3533 templo
289 3452 472 3520 Concordiae
494 3459 634 3521 obsianos
655 3470 792 3542 quattuor
815 3463 1000 3544 elephantos.
1033 3465 1147 3526 remisit

141 3548 171 3600 et
192 3538 328 3602 Tiberius
351 3541 460 3604 Caesar
483 3543 725 3625 Heliopolitarum
746 3550 930 3613 caerimoniis
949 3559 1095 3630 repertam
1115 3551 1147 3612 in
