2510 3898
390 232 469 280 uxo.
486 231 579 282 mrsu.
594 232 701 280 xxxv.
718 232 762 284 ro.
778 223 852 301 (oe.)
1077 222 1117 284 85

121 385 253 446 omnibus
274 387 338 447 eius
357 386 497 465 operibus
516 385 636 448 eundem
657 406 758 466 regem
780 388 930 450 sedentem
951 391 980 450 in
996 407 1071 469 equo
1087 398 1117 450 et
1226 417 1234 430 ·

119 469 239 530 Dianam
254 470 475 531 sacrificantium
487 471 628 548 virginum
641 471 733 532 choro
749 473 876 551 mixtam,
891 474 993 551 quibus
1009 474 1116 534 vicisse

119 551 238 614 Homeri
256 572 361 616 versus
375 554 491 616 ridetur
504 553 534 614 id
547 555 639 633 ipsum
654 554 858 618 describentis.
889 557 981 637 pinxit
997 565 1027 617 et
1042 575 1115 636 quae

118 639 199 717 pingi
215 654 275 698 non
289 647 429 718 possunt,
445 638 581 715 tonitrua,
596 638 733 718 iulgetra,
748 639 874 719 fulgura,
890 659 963 719 quae
975 640 1116 717 Bronten,

96 721 282 801 eAstrapen,
300 719 533 784 Ceraunobolian
548 723 704 802 appellant.
737 725 802 805 [18]
818 724 938 786 lurenta
950 727 1012 787 eins
1025 733 1056 785 et
1067 743 1113 786 ce·
1124 736 1157 791 01

17 861 18 868 ,
117 808 190 866 teris
209 806 349 884 profuere
362 808 392 866 in
406 814 479 867 arte.
494 824 579 867 unum
595 808 699 868 imitari
715 826 799 869 nemo
817 811 922 889 potuit,
939 809 1015 889 quod
1031 809 1116 870 abso·

117 890 176 951 luta
193 907 286 970 opera
310 899 470 952 atramento
487 889 627 953 inlinebat
648 894 688 952 ita
708 895 785 954 tenui
806 903 837 954 ut
854 894 882 953 id
903 895 995 972 ipsum
1015 912 1115 973 reper-

117 992 205 1035 cussu
225 973 365 1036 claritatis
382 973 511 1036 colorem
527 974 612 1036 aliurn
628 978 770 1038 excitaret
789 979 1006 1057 custodiretque
1021 994 1037 1037 a
1054 977 1117 1056 pul·

117 1077 189 1118 vere
206 1066 237 1119 et
253 1058 407 1137 sordibus,
430 1058 465 1119 ad
480 1077 591 1120 manum
605 1061 727 1121 intuenti
743 1061 854 1123 demum
873 1062 1044 1140 adpareret,
1062 1061 1115 1121 sed

88 1166 109 1206 ru
122 1151 152 1204 et
166 1161 230 1204 cum
246 1144 360 1204 ratione
375 1161 493 1221 magna,
513 1162 550 1204 ne
567 1143 682 1205 claritas
700 1144 829 1206 colorum
844 1147 935 1207 aciem
953 1146 1115 1207 offenderet

118 1226 209 1287 veluti
237 1226 431 1306 perlepidam
454 1227 635 1306 specularem
660 1230 837 1292 intuentibus
862 1239 892 1291 et
913 1249 929 1291 e
954 1230 1113 1308 longinquo

119 1311 219 1372 eadem
240 1329 290 1370 res
312 1313 395 1372 nimis
416 1311 526 1372 doridis
547 1312 697 1374 coloribus
713 1316 911 1375 austeritatem
931 1315 1045 1375 occulte
1066 1313 1112 1374 da·
1179 1369 1183 1378 .

119 1404 172 1456 ret.
205 1395 271 1475 119]
290 1394 431 1475 Aequalis
447 1396 510 1456 eius
525 1396 579 1456 luit
595 1397 740 1458 Aristides
755 1397 917 1460 Thebanus.
948 1401 972 1458 is
989 1399 1112 1458 omnium
1122 1407 1156 1462 98

118 1481 225 1558 primus
247 1481 369 1540 animum
383 1481 475 1558 pinxit
490 1489 521 1542 et
536 1499 638 1542 sensus
656 1481 779 1543 bominis
795 1484 959 1560 expressit,
975 1499 1049 1559 quae
1063 1498 1113 1539 vo-

90 1572 182 1628 recent
198 1562 304 1624 Graeci
325 1563 411 1641 othe,
437 1567 506 1625 item
526 1565 780 1648 perturbationes,
800 1566 900 1627 durior
914 1565 999 1645 paulo
1017 1566 1045 1625 in
1066 1582 1113 1623 co·

118 1647 240 1710 loribus.
273 1647 356 1708 buius
379 1665 470 1728 opera
490 1649 598 1728 oppido
619 1659 705 1728 capto
726 1650 760 1710 ad
782 1652 881 1711 matris
902 1650 1052 1711 morientis
1077 1668 1114 1710 ex

118 1732 240 1792 volnere
264 1749 410 1792 mammam
434 1731 578 1812 adrepens
605 1734 713 1812 inians,
743 1734 980 1812 intellegiturque
1003 1733 1113 1794 sentire

118 1824 258 1877 meteret
278 1817 381 1877 timere
400 1835 437 1877 ne
456 1826 588 1878 emortuo
605 1817 680 1879 lacte
697 1821 864 1897 sanguinem
885 1819 1007 1895 lambat,
1030 1835 1112 1896 quam

119 1900 243 1962 tabulam
261 1899 429 1962 Alexander
450 1899 571 1978 blagnus
597 1903 784 1964 transtulerat
809 1902 917 1964 Pellam
943 1905 971 1963 in
993 1903 1113 1982 patriam

90 2002 204 2055 usuam.
241 1984 316 2045 idem
338 1986 431 2063 pinxit
449 1984 591 2064 proelium
614 2004 676 2047 cum
697 1986 813 2065 Persis,
840 1997 953 2048 eentum
980 1987 1155 2052 hominesne

119 2069 215 2130 tabula
230 2087 268 2130 ea
283 2068 443 2147 conplexus
462 2077 620 2150 pactusque
637 2072 665 2132 in
680 2071 811 2149 singulos
827 2073 917 2132 nriuas
933 2071 1022 2132 denas
1037 2089 1054 2131 a
1070 2078 1112 2146 ty·

119 2170 208 2214 ranno
223 2151 402 2214 Elatensium
416 2151 564 2214 llnasone.
595 2156 688 2233 pinxit
702 2164 732 2215 et
752 2157 895 2217 currentis
911 2155 1063 2235 quadrigas
1082 2162 1112 2213 et

119 2237 329 2317 supplicantem
351 2253 445 2316 paene
464 2255 529 2297 cum
548 2255 623 2299 voce
647 2249 677 2300 et
692 2248 848 2300 venatores
865 2259 928 2301 cum
947 2248 1065 2318 captura
1082 2246 1112 2298 et

18 2379 20 2408 Ι
119 2320 261 2382 Leontion
278 2320 396 2400 Epicuri
412 2330 443 2383 et
464 2338 698 2400 anapauomenen
717 2333 839 2403 propter
861 2325 958 2384 fratris
974 2340 1111 2400 amorem,

18 2409 20 2442 l
91 2406 187 2466 altem
202 2405 338 2467 Liberum
352 2414 382 2466 et
398 2406 575 2468 Artamenen
594 2415 744 2486 spectatos
764 2406 873 2468 Rornae
890 2409 918 2467 in
934 2407 1006 2468 aede
1024 2404 1113 2466 Gere-

121 2491 177 2568 ris,
193 2489 361 2568 tragoedum
372 2498 402 2551 et
416 2507 536 2570 pueram
547 2493 577 2552 in
594 2491 755 2571 Apollinis,
770 2493 850 2552 cuius
868 2491 981 2551 tabulae
999 2491 1154 2568 gratialeo

122 2575 231 2635 interiit
255 2575 376 2653 pictoris
405 2574 519 2636 inscitia
539 2577 584 2636 cui
604 2575 774 2653 tergendam
790 2593 853 2636 eam
870 2575 1053 2635 mandaverat
1073 2572 1111 2634 bl.

18 2727 19 2736 χ
121 2657 217 2718 lunius
234 2665 353 2737 praetor
371 2658 424 2720 sub
445 2658 493 2719 die
515 2658 646 2720 ludorum
661 2659 881 2739 Apollinarium.
917 2667 1047 2739 spectata
1065 2667 1111 2720 est

18 2737 19 2800 ξ
123 2751 151 2802 01
170 2744 199 2802 in
214 2742 288 2804 aede
303 2741 385 2804 Fidei
407 2744 437 2803 in
456 2740 603 2823 Capitolio
617 2746 697 2804 senis
713 2763 776 2804 curn
793 2745 855 2822 lyra
871 2763 991 2824 puerum
1006 2744 1112 2805 docen-

18 2817 20 2870 1
93 2828 164 2889 atis.
197 2827 291 2906 pinxit
307 2833 338 2887 et
353 2845 471 2906 aegrum
486 2829 549 2888 sine
564 2829 620 2888 line
633 2828 791 2906 laudatum,
807 2837 974 2908 tantumque
989 2836 1052 2889 arte
1064 2847 1111 2887 va-

121 2911 170 2971 luit
188 2920 218 2972 ut
230 2910 345 2971 Attalus
361 2929 416 2973 rex
426 2929 510 2973 unam
525 2913 647 2973 tabulam
663 2915 725 2974 eius
740 2925 854 2974 centum
871 2913 987 2973 talentis
1004 2913 1110 2972 emisse
1196 2939 1204 2952 ·

123 2995 254 3056 tradatur.
295 2995 359 3075 [20]
375 2995 480 3074 Simul,
497 3005 526 3056 ut
541 2996 722 3074 dictumest,
739 3007 769 3057 et
781 2996 967 3074 Protogenes
984 2995 1089 3057 lloruit.
1104 3009 1152 3061 101

122 3081 208 3158 patria
226 3081 252 3140 ei
271 3077 401 3158 Caunus,
418 3081 515 3158 gentis
530 3079 652 3142 Rhodiis
668 3081 828 3142 subiectae.
865 3098 971 3141 summa
987 3097 1108 3160 pauper·
1120 3080 1142 3114 ⁸¹

123 3171 161 3224 tas
181 3165 263 3226 initio
286 3166 415 3242 artisque
437 3182 542 3225 summa
564 3166 686 3226 intentio
707 3174 737 3226 et
759 3166 827 3226 iden
849 3167 941 3226 minor
963 3164 1110 3226 fertilitas.

95 3249 180 3327 aquis
194 3265 258 3310 eum
273 3247 406 3310 docuerit
418 3267 476 3310 non
491 3258 589 3329 putant
603 3258 749 3312 constare.
780 3249 892 3328 quidam
909 3258 939 3310 et
954 3250 1034 3310 navis
1050 3249 1111 3327 pin-

124 3335 196 3394 xisse
213 3350 305 3412 usque
322 3332 359 3393 ad
376 3329 644 3413 'quinquagesimum
660 3352 770 3395 annum.
811 3343 1008 3412 argumentum
1031 3350 1111 3408 esse,

19 3416 52 3508 ᾖ
124 3417 192 3494 quod
212 3434 277 3478 cnm
296 3415 419 3479 Athenis
440 3417 633 3480 celeberrimo
654 3418 723 3479 loco
740 3417 889 3479 lliuervae
908 3416 1022 3480 delubri
1044 3433 1111 3495 pro-

19 3509 21 3588 ζ
124 3501 204 3578 pplon
224 3501 377 3580 pingeret,
406 3502 452 3563 ubi
473 3503 544 3564 lecit
561 3503 689 3564 nobilem
703 3502 833 3564 Paralum
851 3511 880 3562 et
897 3497 1110 3573 Hammoniada,
