2510 3898
309 233 391 282 nan.
409 233 501 283 uasa.
518 235 638 284 xxxva.
654 236 678 288 a.
695 233 720 287 o.
739 220 852 305 (4-7.)
1024 223 1083 286 113

76 387 293 468 Myrmecides,
322 391 403 451 onius
425 390 592 472 quadrigam
621 409 684 452 oum
710 393 856 469 agitatore
887 395 1004 472 operuit
1030 393 1084 456 alis

77 491 196 552 musca,
219 481 249 534 et
270 471 459 552 Callicrates,
489 477 570 536 ouius
595 477 779 538 formicarum
805 476 896 555 pedes
919 486 1007 557 atque
1027 479 1084 542 alia

77 558 212 620 membra
226 559 384 638 pervidere
400 578 458 622 nou
474 569 530 621 est.

141 677 171 738 6.
188 676 247 759 (5.)
262 675 342 738 liaeo
357 678 414 737 sint
430 677 504 738 diota
520 678 557 740 de
583 680 732 739 marmoris
751 678 947 758 scalptoribus
962 697 1081 740 summa·
1097 690 1128 748 aa

56 781 139 841 sque
161 761 294 824 claritate
316 762 472 840 artificum,
501 765 610 842 quoin
635 771 759 824 tractatu
779 764 857 825 subit
879 773 1005 826 mentem
1026 782 1084 826 non

78 849 174 908 luisse
190 855 248 906 tum
266 848 467 908 auctoritatem
485 848 632 909 maculoso
647 850 790 909 marmori.
813 850 914 911 iecere
930 858 960 910 et
977 869 993 910 e
1012 849 1084 910 'lba-

79 934 125 993 sio
136 929 295 1009 Cycladum
305 931 461 992 insularum
473 950 567 1010 aeque
579 941 610 993 et
621 931 768 1018 obasbio,
781 933 896 994 lividius
908 935 965 995 hoo
974 933 1083 1014 paullo.

79 1015 286 1078 versicolores
305 1016 420 1095 quidem
438 1016 563 1078 maculas
579 1025 609 1078 et
626 1019 655 1078 in
672 1026 763 1078 totum
778 1036 950 1080 marmorum
966 1019 1084 1099 adpara-

81 1110 142 1160 tum
163 1101 252 1162 etiam
270 1098 430 1163 Menander
451 1101 691 1180 diligentissimus
712 1102 844 1164 luxuriae
862 1107 1009 1184 interpres
1026 1106 1083 1184 pri·

48 1203 143 1248 lomus
163 1194 193 1246 et
207 1203 275 1246 raro
297 1187 403 1264 attigit.
444 1186 583 1247 columnis
605 1187 717 1248 demum
737 1188 892 1249 utebantur
905 1191 936 1250 in
952 1188 1080 1270 templis,
1092 1200 1125 1254 ab

78 1288 135 1331 nec
154 1269 284 1332 lautitiae
306 1288 410 1349 causa,
431 1270 556 1331 nondum
579 1274 654 1332 enim
669 1274 725 1332 ista
741 1273 1007 1352 intellegebantur,
1032 1273 1085 1334 sad

79 1357 147 1434 qnia
162 1355 307 1416 firmiores
332 1353 419 1418 aliter
439 1357 526 1416 statui
549 1375 607 1417 non
622 1365 769 1436 poterant.
799 1359 842 1417 sio
857 1367 903 1418 est
919 1357 1083 1419 inchoatum

78 1439 207 1500 Athenis
220 1439 356 1519 templum
369 1438 593 1521 lovisOlympii‚
604 1460 641 1502 ex
653 1459 710 1520 quo
724 1439 803 1500 Sulla
816 1440 990 1522 Capitolinis
1005 1441 1083 1502 aedi·

78 1523 134 1584 bus
157 1523 316 1586 advexerat
343 1525 500 1587 columnas,
546 1527 600 1587 fuit
627 1535 723 1586 tamen
745 1528 822 1586 inter
844 1526 970 1605 lapidem
996 1535 1082 1605 atque

48 1627 207 1670 asmarmor
226 1609 389 1671 differentia
409 1611 465 1671 iam
490 1618 519 1670 et
541 1611 617 1689 apud
631 1608 805 1689 llomerum,
826 1611 896 1672 dioit
917 1613 992 1672 enirn
1008 1630 1080 1671 mar·
1091 1621 1126 1677 46

79 1711 183 1755 moreo
201 1711 272 1755 saxo
288 1712 475 1774 percussum,
493 1695 545 1755 sed
561 1694 721 1772 hactenus,
737 1697 836 1774 regias
851 1714 968 1776 quoque
981 1696 1082 1757 domus

80 1778 329 1841 cumlautissime
353 1787 564 1858 praetereas,
590 1798 704 1857 aurum,
737 1778 894 1859 electrum,
920 1790 1082 1860 argentum,

80 1863 177 1924 ebore
202 1872 309 1924 tantum
329 1863 479 1924 adornans.
513 1866 652 1943 primum,
670 1873 702 1924 ut
719 1864 864 1944 arbitror,
881 1866 1082 1927 versicolores

79 1950 152 2008 istas
167 1947 294 2010 maculas
309 1944 447 2008 Chiorum
464 1948 635 2028 lapicidinae
651 1949 854 2028 ostenderunt,
870 1969 934 2012 oum
950 1961 1082 2012 exstrue·

48 2040 284 2110 eremmanos,
307 2033 404 2093 faceto
427 2035 456 2093 in
477 2033 506 2093 id
520 2031 557 2094 M.
579 2032 731 2095 Ciceronis
749 2034 819 2095 sale.
857 2036 989 2096 omnibus
1007 2037 1082 2096 enim

81 2116 268 2179 ostentabant
283 2126 315 2177 ut
328 2117 516 2194 magnificam.
544 2118 651 2196 multo,
666 2120 777 2198 inquit,
796 2121 888 2198 magis
902 2122 1040 2198 mirarer,
1057 2122 1082 2182 si

80 2199 235 2263 Tiburtino
250 2201 346 2281 lapide
363 2203 522 2264 fecissetis.
554 2211 585 2264 et
592 2246 601 2281 ,
620 2201 780 2281 Hercules,
796 2221 854 2265 non
868 2206 973 2266 inisset
990 2207 1081 2285 pictu-

79 2288 121 2348 ris
135 2286 231 2347 bonos
248 2286 340 2365 ullus,
365 2305 423 2348 non
445 2287 532 2348 modo
554 2297 667 2365 tantus,
690 2287 786 2366 aliqua
801 2307 972 2349 marmorum
987 2300 1084 2350 auoto-

80 2373 178 2433 ritate.

50 2502 73 2542 aa
141 2481 204 2565 (6.)
229 2479 353 2544 Seoaudi
375 2483 404 2542 in
429 2491 540 2543 crustas
564 2483 665 2543 nescio
689 2499 724 2541 an
745 2478 848 2541 Cariae
868 2481 956 2541 fuerit
980 2483 1123 2547 iuven-47

81 2575 146 2628 tum.
196 2567 413 2647 antiquissima,
443 2566 521 2646 qnod
549 2567 682 2645 equidem
711 2567 871 2643 inveniam,
902 2565 1080 2627 Halicarnasi

4 2667 6 2740 p
81 2650 181 2712 domus
202 2649 326 2712 Mausoli
344 2650 549 2714 'Proconnesia
568 2670 712 2713 marmore
735 2650 850 2713 exculta
873 2659 920 2712 est
940 2651 1081 2712 latericiis

4 2741 6 2798 ἱ
80 2735 252 2814 parietibus.
285 2737 310 2796 is
328 2737 401 2797 obiit
417 2736 587 2816 olympiadis
606 2733 694 2796 CVII.
711 2754 785 2797 anno
800 2735 858 2814 ll.‚
875 2735 955 2796 urbis
970 2735 1081 2798 Romae

81 2819 184 2882 CDMI.

50 2955 72 2996 so
143 2932 204 3010 (7.)
227 2929 352 2992 Primum
364 2930 475 2991 Romae
490 2932 622 3010 parietes,
636 2938 733 2990 oruata
748 2930 898 2990 marmoris
921 2930 1077 3008 operuisse
1090 2940 1123 2996 48

81 3025 160 3077 totos
179 3016 280 3077 domus
307 3033 376 3077 suae
401 3016 431 3076 iu
454 3013 555 3076 Caelio
579 3023 678 3075 monte
697 3012 852 3075 Cornelius
868 3011 971 3093 Nepos
994 3015 1081 3076 tradit

80 3099 251 3162 Mamurram
271 3099 396 3162 Formiis
417 3107 529 3178 natum,
552 3101 679 3179 equitem
700 3099 876 3176 Romanum,
901 3099 1081 3179 praelectum

80 3185 193 3247 labrum
221 3183 253 3247 C.
275 3182 411 3248 Caesaris
434 3186 464 3246 in
481 3183 588 3263 Callia,
609 3185 734 3265 nequid
755 3183 918 3262 indignitati
932 3183 1012 3246 desit
1030 3184 1080 3244 tali

81 3279 201 3332 auctore
225 3273 343 3332 inventa
364 3290 407 3332 re.
443 3269 491 3331 bio
510 3288 631 3349 namque
646 3280 693 3331 est
707 3267 849 3331 Mamurra
864 3265 969 3331 Catulli
985 3268 1081 3330 Vero·

50 3357 189 3417 aniensis
205 3355 379 3418 carminibus
398 3356 564 3435 proscissus
581 3373 677 3435 quem,
689 3363 720 3415 ut
734 3373 784 3415 res
797 3362 854 3431 est,
870 3353 971 3415 domus
987 3355 1079 3433 ipsius

81 3440 186 3502 clarius
202 3459 285 3520 quam
297 3437 426 3503 Catullus
438 3440 510 3501 dixit
522 3440 632 3501 habere
644 3439 782 3520 quidquid
796 3438 949 3500 habuisset
960 3437 1080 3499 Comata

82 3524 182 3586 Galba.
212 3543 334 3605 namque
351 3525 436 3587 adicit
451 3525 527 3586 idem
540 3524 643 3605 Nepos
657 3526 777 3605 primum
793 3525 864 3586 totis
880 3523 1001 3584 aedibus
1018 3523 1081 3582 nul·-

121 3626 200 3670 mnn
215 3626 283 3674 nur.
300 3627 376 3674 nrsr.
391 3613 427 3671 V.
897 3608 915 3666 8
