2468 3896
140 219 180 281 62
368 243 374 256 ·
489 231 798 282 commemorer

139 385 1143 469 Graecisappellatumcassiterumfabulosequenarratoruiuinsulas

140 471 279 534 Atlantici
296 475 383 537 maris
399 475 460 552 peti
476 474 663 552 vitilibusque
678 473 801 550 navigiis
818 480 848 533 et
858 472 1037 533 circumsutis
1054 476 1143 534 corio

141 556 252 618 advehi.
291 575 366 618 nunc
387 566 497 617 certum
518 565 563 619 est
584 559 612 617 in
627 556 772 618 Lusitania
792 557 872 635 gigni
896 564 926 616 et
943 559 971 617 in
992 554 1142 620 Gallaecia

140 660 246 702 summa
261 642 367 703 tellure
383 641 527 702 harenosa
543 650 573 702 et
589 641 698 702 coloris
715 642 799 720 nigri.
830 640 962 720 pondere
978 651 1085 704 tautum
1103 661 1142 704 ea

98 734 147 790 157
160 725 402 805 deprehenditur,
417 728 614 787 interveniunt
631 734 661 787 et
678 727 776 785 minuti
793 724 912 802 calculi,
930 744 1060 787 maxume
1077 735 1169 794 tor-5

139 811 270 871 rentibus
291 812 415 871 siccatis.
444 811 540 872 lavant
555 828 605 872 eas
623 809 745 871 harenas
760 810 915 887 metallici,
930 819 961 870 ct
976 810 1054 889 quod
1069 813 1141 873 sub-

140 894 218 956 sedit
238 903 342 956 cocunt
363 897 392 955 in
407 894 583 956 fornacibus.
617 894 768 956 Invenitur
783 904 813 956 et
829 897 857 956 in
874 895 995 956 aurariis
1011 895 1140 957 metallis

140 997 215 1059 qnae
238 979 341 1039 alutias
363 988 486 1057 vocant,
508 997 581 1059 aqua
601 981 717 1040 inmissa
742 979 861 1040 eluente
884 979 1012 1040 calculos
1033 981 1140 1058 nigros

140 1061 265 1142 paullum
279 1063 405 1125 candore
420 1066 564 1141 variatos,
586 1065 691 1144 quibus
713 1063 814 1124 eadem
828 1064 957 1142 gravitas
975 1082 1048 1142 quae
1064 1082 1140 1126 auro

140 1156 170 1208 et
186 1147 253 1208 ideo
270 1149 299 1207 in
315 1147 435 1208 calathis
449 1148 553 1227 quibus
568 1167 665 1210 amum
681 1147 830 1226 colligitur
844 1165 907 1209 cum
922 1166 959 1209 eo
975 1159 1139 1227 remanent,
1152 1169 1182 1211 ro

140 1239 244 1311 postea
260 1232 380 1293 camillis
397 1241 570 1312 separantur
585 1231 759 1312 conflatique
778 1235 807 1293 in
822 1231 967 1312 plumbum
981 1233 1077 1294 album
1090 1253 1140 1296 re·

97 1326 149 1382 158
161 1315 322 1379 solventur.
353 1314 419 1377 Non
435 1318 466 1377 iit
484 1315 515 1377 iu
529 1315 674 1378 Callaecia
695 1318 824 1396 nigrum,
846 1335 909 1386 cum
923 1319 1017 1378 vicina
1033 1315 1138 1380 Canta·

140 1400 203 1462 bria
218 1402 302 1480 nigro
319 1410 425 1463 tantum
439 1402 581 1481 abundet,
604 1420 660 1463 neo
683 1421 721 1462 ex
736 1400 803 1463 albo
819 1411 986 1480 argentum,
1009 1421 1072 1463 cum
1087 1404 1139 1464 fiat

141 1503 177 1544 cx
199 1487 293 1563 nigro.
336 1488 415 1564 iungi
442 1488 574 1548 intense
599 1486 743 1565 plumbum
765 1488 878 1566 nigrum
900 1488 963 1547 sine
985 1485 1052 1548 albo
1077 1505 1138 1548 uon

139 1578 239 1648 potest
254 1589 308 1631 nec
329 1570 386 1631 hoc
407 1572 470 1632 sine
494 1569 577 1648 oleo,
599 1589 632 1631 ac
653 1589 689 1631 ne
712 1570 807 1631 album
824 1570 937 1650 quidem
954 1588 1051 1632 secum
1069 1574 1135 1633 sine
1147 1591 1177 1632 1⁵

138 1656 233 1731 nigro.
264 1653 359 1716 album
375 1654 475 1716 habuit
489 1657 689 1716 auctoritatem
706 1663 736 1716 et
750 1654 846 1717 Iliacis
862 1656 1041 1736 temporibus
1056 1665 1138 1717 teste

97 1746 148 1802 159
163 1736 302 1816 Homero,
319 1739 489 1799 cassiterum
503 1739 540 1799 ab
555 1738 606 1799 illo
624 1738 738 1802 dictum.
766 1739 877 1801 Plumbi
893 1741 967 1818 nigri
986 1741 1070 1819 origo
1086 1740 1138 1802 du-

139 1821 209 1900 plex
226 1829 286 1900 est,
308 1830 355 1883 aut
371 1824 447 1883 enim
462 1841 512 1884 sua
527 1825 664 1902 provenit
679 1843 754 1886 vena
768 1843 823 1887 nec
838 1826 988 1904 quicquam
1004 1825 1080 1886 aliud
1098 1845 1139 1886 ex

139 1925 207 1968 sese
230 1907 324 1985 parit,
347 1914 395 1967 aut
416 1925 480 1968 cum
499 1917 622 1986 argento
642 1911 769 1970 nascitur
790 1911 946 1988 mixtisque
968 1911 1051 1971 venis
1066 1927 1137 1970 con-

139 1990 231 2052 llatur.
262 1990 345 2051 buius
366 1993 414 2071 qui
436 1993 545 2070 primus
566 1991 628 2052 lluit
650 1995 679 2054 in
701 1993 868 2055 fornacibus
883 1993 981 2073 liquor
1005 2004 1137 2073 stagnum
1148 2011 1179 2053 ro

140 2075 319 2155 appellatur,
336 2078 384 2154 qui
400 2076 544 2138 secundus
561 2087 728 2157 argentum,
744 2079 822 2158 quod
838 2080 975 2139 remansit
992 2081 1021 2148 in
1039 2078 1137 2140 forna-

139 2159 222 2221 cibus
239 2159 355 2238 galena,
373 2178 447 2240 quae
465 2162 496 2221 iit
512 2163 599 2223 tertia
613 2164 711 2241 portio
729 2163 842 2224 additae
857 2182 951 2225 venae
983 2161 1056 2225 haec
1074 2183 1137 2224 rur·

138 2263 187 2304 sus
209 2243 333 2305 conllata
361 2245 408 2306 dat
433 2247 545 2324 nigrum
570 2246 715 2326 plumbum
739 2247 869 2309 deductis
896 2248 1026 2327 partibus
1050 2249 1136 2310 nonis

137 2328 254 2390 duabus.

95 2425 146 2480 160
222 2416 271 2475 17.
293 2413 374 2496 (48.)
394 2414 531 2494 Stagnum
552 2416 663 2477 inlitum
686 2418 783 2476 aereis
806 2418 884 2477 vasis
906 2434 1042 2495 saporem
1065 2417 1176 2477 lacitaa

136 2501 295 2578 gratiorem
317 2508 347 2560 et
368 2503 520 2580 conpescit
540 2502 619 2561 virus
635 2502 801 2579 aeruginis,
822 2503 998 2580 mirumque,
1022 2500 1136 2580 pondus

96 2603 125 2646 ta.
139 2602 172 2638 oo
195 2601 253 2644 non
269 2594 367 2663 auget.
390 2583 508 2664 specula
527 2587 612 2646 etiam
628 2605 666 2646 ex
681 2603 717 2646 eo
735 2585 940 2663 laudatissima,
955 2593 986 2645 ut
1002 2585 1136 2663 diximus,

136 2666 268 2728 Brundisi
286 2668 537 2748 temperabantur,
559 2668 653 2731 donec
668 2671 817 2748 argenteis
833 2672 874 2730 uti
891 2688 1020 2750 coepere
1042 2678 1072 2730 et
1086 2688 1136 2732 au·

137 2750 231 2813 ciliae.
268 2772 342 2814 nunc
359 2752 536 2814 adulteratur
557 2760 688 2832 stagnum
706 2754 800 2815 addita
821 2756 898 2815 aeris
919 2753 1030 2816 candidi
1049 2756 1135 2816 tertia

137 2839 274 2916 portione
286 2836 466 2917 inplumbum
477 2836 580 2898 album.
600 2839 632 2898 lit
644 2847 673 2900 et
685 2837 742 2900 alio
755 2839 840 2899 modo
851 2840 948 2900 mixtis
956 2838 1013 2900 albi
1026 2838 1135 2919 plumbi
1145 2856 1176 2900 eo

137 2924 271 3003 nigrique
288 2922 379 2983 libris.
405 2922 461 2982 hoc
472 2941 547 2984 nunc
559 2923 645 3002 aliqui
659 2925 853 3002 argentarium
865 2924 1020 3004 appellant.
1047 2924 1134 2985 iidem

138 3015 168 3066 et
191 3009 350 3069 tertiarium
371 3016 491 3086 vocant,
518 3009 547 3070 in
568 3025 626 3086 quo
649 3008 722 3069 duae
743 3016 808 3069 sunt
830 3010 904 3087 nigri
925 3011 1077 3088 portionas
1103 3017 1136 3070 et

137 3093 222 3151 tertia
237 3091 303 3152 albi.
334 3094 458 3171 pretium
471 3094 534 3153 eius
547 3095 576 3153 in
587 3092 677 3154 libras
692 3091 720 3153 X
735 3108 790 3154 xx.
807 3092 864 3154 boc
879 3092 992 3154 fistulae
1007 3093 1134 3155 solidan-

95 3185 144 3241 161
161 3183 217 3235 tur.
249 3175 436 3254 inprobiores
454 3176 488 3237 ad
503 3179 663 3239 tertiarium
683 3177 786 3238 additis
802 3177 931 3258 partibus
953 3179 1054 3258 aequis
1074 3178 1134 3238 albi

138 3262 333 3337 argentarium
353 3270 459 3321 vocant
481 3270 512 3322 et
535 3280 571 3323 eo
594 3281 668 3341 quae
693 3262 794 3322 volunt
815 3263 981 3341 iocoquont.
1010 3264 1174 3342 pretiumae

136 3343 220 3404 huius
235 3345 343 3406 iaciunt
358 3346 388 3404 in
404 3345 501 3425 pondo
518 3345 546 3407 X
560 3361 640 3407 Lxx.
669 3346 736 3408 albo
752 3365 806 3426 per
822 3366 855 3408 se
873 3348 989 3409 siucero
1010 3349 1136 3427 pretium

138 3436 203 3490 sunt
220 3427 248 3488 X
263 3442 376 3506 Lunx,
402 3433 487 3509 nigro
508 3429 610 3492 ert.
646 3430 715 3494 Albi
735 3440 836 3493 natura
855 3431 920 3511 plus
942 3432 1012 3493 aridi
1035 3431 1136 3510 babet,

138 3521 297 3594 contraque
319 3515 394 3593 nigri
416 3523 477 3576 tota
498 3516 590 3578 umida
616 3526 670 3578 est.
706 3516 774 3578 ideo
799 3515 893 3578 album
915 3516 985 3577 nulli
1004 3517 1049 3578 rei
1070 3517 1135 3578 siue
