2468 3896
114 246 156 309 dt
455 257 485 306 c.
503 257 601 305 surm
619 253 770 305 ausuum

118 416 153 477 ad
164 415 323 478 medicinae
337 433 406 476 usus
419 413 524 494 patinis
544 413 681 474 lictilibns
695 411 843 472 substrato
864 409 983 490 sulpure
999 409 1130 485 minuto,

119 501 220 562 lamnis
239 502 376 580 inpositis
394 499 531 561 tenuibus
547 499 721 578 opertisque
738 495 857 575 sulpure
873 503 903 556 et
918 496 999 556 ierro
1014 494 1129 554 mixtis.

119 605 182 647 cum
202 594 371 665 coquatur,
383 584 536 645 munienda
550 585 579 642 iu
596 601 633 644 eo
650 600 743 661 opere
760 581 902 642 foramina
915 580 1036 659 spiritus
1054 595 1130 638 cou-

118 672 216 748 venit,
245 671 353 750 alioqui
376 669 485 750 plumbi
509 669 670 730 fornacium
691 666 796 727 halitus
818 666 923 726 noxius
945 665 1070 726 sentitur
1095 671 1130 724 et

118 756 278 836 pestilens,
307 763 338 816 et
356 755 475 816 canibus
504 755 657 830 ocissime,
685 753 810 812 omnium
837 767 911 811 vero
941 748 1158 811 metallorums

118 842 224 902 muscis
246 850 277 902 et
299 839 458 918 culicibus,
482 838 671 919 quamobrem
691 853 749 898 nou
766 843 831 897 sunt
850 853 884 896 ea
904 834 998 896 taedia
1018 835 1048 893 in
1062 851 1130 894 me·

76 935 128 994 168
143 925 230 986 tallis.
261 925 375 1004 quidam
396 925 425 984 in
441 923 595 1003 coquendo
611 923 732 984 scobem
753 921 862 1001 plumbi
883 921 948 980 lima
964 920 1129 1000 quaesitam

119 1009 230 1089 sulpuri
255 1011 396 1089 miscent,
419 1009 469 1070 alii
491 1028 640 1072 cerussam
661 1009 760 1088 potius
784 1005 867 1084 quam
890 1005 999 1084 sulpur.
1038 1004 1069 1063 tit
1095 1011 1128 1064 ct

118 1095 214 1156 lotura
230 1095 339 1175 plumbi
355 1114 424 1156 usus
446 1097 476 1155 in
491 1094 650 1172 medicina,
670 1111 733 1158 cum
749 1111 783 1154 se
798 1094 864 1171 ipso
880 1092 986 1152 teritur
1002 1091 1030 1150 iu
1047 1105 1126 1150 mor·

119 1181 200 1240 tariis
213 1179 357 1259 plumbeis
375 1180 470 1241 addita
483 1198 558 1260 aqua
573 1179 696 1241 caelesti
709 1178 804 1239 donec
822 1183 994 1238 crassescat.
1019 1183 1170 1254 postea1o

119 1274 310 1343 supernatans
334 1283 406 1344 aqua
429 1266 541 1327 tollitur
564 1265 723 1344 spongeis,
748 1262 825 1343 quod
842 1262 1054 1337 crassissimum
1071 1260 1127 1319 init

119 1351 259 1410 siccatum
273 1351 410 1412 dividitur
425 1351 454 1412 iu
473 1349 617 1431 pastillos.
647 1349 760 1429 quidam
774 1348 901 1409 limatum
918 1345 1063 1427 plumbum
1082 1345 1126 1404 sic

118 1443 228 1513 terunt,
245 1436 357 1515 quidam
376 1444 405 1497 et
420 1435 637 1516 plumbaginem
651 1435 822 1510 admiscent,
842 1432 890 1492 alii
908 1448 981 1492 vero
1000 1438 1125 1506 acetum,

76 1530 127 1587 169
139 1519 187 1580 alii
205 1523 312 1599 vinum,
329 1521 377 1582 alii
396 1521 521 1600 adipem,
537 1521 586 1581 alii
603 1538 708 1581 rosam.
741 1518 854 1598 quidam
871 1519 901 1577 iu
915 1515 1032 1596 lapideo
1049 1533 1125 1576 mor·

119 1607 194 1665 tario
208 1615 238 1666 et
253 1624 385 1666 maxume
398 1605 547 1666 Thebaico
559 1605 725 1685 plumbeum
739 1602 880 1683 pistillum
892 1611 993 1663 terere
1005 1600 1124 1678 malunt,
1137 1618 1166 1659 1s

118 1687 326 1768 candidiusque
342 1693 380 1750 ita
394 1691 426 1750 lit
440 1690 686 1752 medicamentum.
716 1689 746 1750 id
762 1697 857 1750 autem
875 1687 952 1767 quod
968 1695 1061 1747 ustum
1078 1694 1125 1746 est

75 1774 108 1858 ll:
119 1772 155 1849 {33
165 1773 311 1852 plumbum
327 1775 440 1836 lavatur
456 1784 486 1836 ut
502 1776 587 1836 stibis
609 1784 639 1835 et
654 1774 780 1836 cadmea.
809 1782 910 1852 potest
926 1772 1124 1850 adstringere,

119 1861 247 1936 sistere,
270 1859 445 1920 contrahere
467 1862 629 1920 cicatrices.
674 1879 744 1920 usus
768 1877 806 1919 err
830 1857 935 1920 eodem
955 1865 985 1918 et
1007 1858 1036 1916 in
1056 1874 1125 1917 ocu-

118 1942 213 2005 lorum
229 1943 463 2024 medicamentis,
480 1963 611 2006 maxume
627 1952 729 2006 contra
745 1943 955 2024 procidentiam
973 1960 1075 2003 eorum
1093 1949 1125 2002 et

119 2029 275 2090 inanitates
297 2029 427 2091 ulcerum
448 2033 690 2092 excrescentiave
715 2031 862 2110 rimasque
884 2028 964 2090 sedis
986 2037 1035 2088 aut
1056 2027 1167 2090 hae-ao

78 2113 327 2180 170morrhoidas
360 2124 391 2176 et
421 2115 634 2193 condylomata.
692 2114 738 2176 Ad
766 2115 840 2176 baec
869 2132 1000 2175 maxume
1029 2113 1125 2174 lotura

119 2198 228 2278 plumbi
253 2200 340 2277 facit,
363 2201 437 2262 cinis
461 2210 556 2262 autem
572 2203 631 2261 usti
652 2200 687 2260 ad
703 2201 853 2280 serpentia
876 2199 976 2260 ulcera
997 2207 1046 2259 aut
1061 2216 1125 2259 sor·

119 2282 204 2362 dida,
227 2285 387 2364 eademque
407 2304 482 2366 quae
505 2286 613 2347 chartis
635 2287 711 2349 ratio
725 2287 886 2365 proiectus.
917 2286 1010 2345 uritur
1028 2285 1125 2348 a'utem

79 2377 80 2381 ’
119 2371 149 2430 in
164 2371 271 2448 patinis
287 2389 342 2450 per
355 2372 464 2433 lamnas
478 2374 601 2433 minutas
617 2391 681 2433 cum
696 2370 827 2450 sulpure,
844 2378 991 2432 versatum
1003 2369 1123 2430 rudibus

117 2455 225 2516 ferreis
254 2464 303 2517 aut
328 2457 503 2536 ferulaceis,
533 2457 628 2519 donce
655 2457 752 2536 liquor
778 2464 905 2518 mutetur
930 2456 1162 2515 metueremus

119 2540 186 2601 dein
210 2542 416 2620 refrigeratum
441 2545 546 2604 teritur
565 2544 595 2602 in
614 2543 743 2604 farinam.
773 2541 822 2601 alii
843 2541 986 2603 elimatam
1003 2539 1123 2601 scobem

118 2627 148 2685 in
173 2625 254 2686 fictili
280 2626 369 2687 crudo
391 2635 496 2688 cocunt
518 2629 547 2686 in
571 2628 689 2689 caminis
714 2627 1023 2707 donecpercoquatur
1048 2625 1122 2704 figli-

118 2728 194 2770 uurn.
225 2709 313 2789 aliqui
333 2728 481 2773 cerussam
504 2711 662 2774 admiscent
684 2713 746 2792 pari
762 2730 897 2773 mensura
918 2718 966 2773 aut
981 2710 1122 2773 hordeum

76 2802 282 2873 steteruntque
301 2805 332 2856 ut
349 2799 379 2857 iu
398 2797 487 2859 crudo
501 2797 677 2876 dictumest,
693 2806 724 2859 et
738 2797 910 2877 praeierunt
922 2797 965 2860 sic
976 2796 1122 2876 plumbum

117 2879 222 2959 spodio
243 2877 363 2961 Cyprio.
1131 2894 1161 2938 so

15 2988 17 3005 ⁵
76 2974 125 3032 rtr
192 2965 277 3045 (51.)
294 2965 396 3029 Scoria
421 2984 538 3046 quoque
562 2968 671 3049 plumbi
694 2969 792 3029 inusu
815 2977 868 3030 est.
911 2975 1028 3048 optuma
1046 2984 1122 3046 quae

116 3065 249 3112 maxume
270 3052 306 3112 ad
327 3053 437 3116 luteum
457 3053 589 3116 colorem
612 3053 745 3133 accedit,
771 3056 835 3116 siue
857 3053 967 3134 plumbi
988 3052 1121 3131 reliquiis

117 3142 166 3196 aut
179 3135 306 3216 sulpuris
319 3141 421 3218 specie
437 3146 467 3200 et
482 3147 562 3201 terra
581 3158 693 3201 carens.
719 3140 832 3201 lavatur
846 3139 920 3201 haec
933 3141 963 3200 in
975 3138 1121 3199 mortariis

23 3293 27 3300 ,
118 3222 247 3282 minutim
266 3223 358 3285 fracta
376 3226 471 3286 donec
485 3243 559 3304 aqua
578 3225 688 3286 luteum
705 3226 836 3287 colorem
851 3225 962 3304 trabat,
984 3233 1014 3286 et
1029 3232 1121 3284 trans-

118 3304 246 3365 funditur
257 3310 343 3369 invas
352 3328 465 3389 purum,
477 3309 564 3389 idque
577 3311 707 3390 saepius,
716 3329 809 3390 usque
824 3311 890 3371 dum
900 3309 1030 3372 subsidat
1042 3307 1121 3389 quod
1130 3323 1158 3368 ts

117 3388 298 3452 utilissimum
318 3401 374 3454 est.
410 3394 533 3456 effectus
549 3394 639 3456 habet
654 3395 775 3458 eosdem
790 3414 864 3476 quos
881 3395 1043 3475 plumbum,
1067 3393 1121 3455 sed

117 3474 256 3537 acriores.
270 3479 424 3558 mirarique
436 3481 579 3542 succurrit
591 3483 902 3561 experientiamvitae,
913 3499 949 3542 ne
961 3482 1045 3543 faece
1059 3481 1119 3560 qui·

117 3559 182 3620 dem
191 3579 289 3624 rerum
297 3575 609 3649 excrementorumque
619 3567 762 3629 foeditate
775 3570 944 3647 intemptata
958 3575 1002 3628 tot
1013 3567 1117 3628 modis.
