2468 3896
125 231 164 294 68
465 243 493 291 o.
517 242 614 290 amm
635 243 785 291 securum

124 403 251 462 oratoris
267 400 426 478 indignatio
442 417 515 478 quae
531 399 681 478 prohibuit
696 400 785 459 inseri
802 401 883 477 genti
901 420 971 462 suae
983 400 1130 461 Laevino

122 505 183 547 rum
199 487 320 547 alienam
333 487 495 563 imaginem.
522 484 624 543 similis
641 502 726 543 causa
739 483 883 545 Messalae
898 487 960 546 seni
974 487 1128 565 expressit

122 571 266 630 volumina
287 571 335 629 illa
356 588 429 648 quae
448 568 484 629 de
501 569 616 629 familiis
633 567 774 644 condidit,
802 587 866 629 eum
881 569 1025 650 Scipionis
1041 569 1128 630 Pom·

120 657 237 734 poniani
254 657 408 717 transisset
422 655 524 714 atrium
535 653 717 732 vidissetque
732 653 890 733 adoptione
908 657 1128 716 testamentaria

121 739 292 801 Saluittonis
315 739 430 800 —boc
452 740 527 800 enim
554 739 649 799 iuerat
677 755 899 817 cognomen-
919 739 1155 800 Africanorums

121 825 259 886 dedecori
279 826 462 904 inrepentem
469 822 635 906 Scipionum
649 825 765 883 nomini.
780 823 843 900 sed,
854 823 1126 903 pacelllessalarum

121 911 233 971 dixisse
250 910 354 988 liceat,
372 912 457 971 etiam
476 910 590 969 mentiri
608 909 751 969 clarorum
771 910 913 986 imagines
936 919 998 969 erat
1018 909 1126 988 aliquis

121 997 259 1054 virtutum
275 1013 366 1073 amor,
381 995 530 1072 multoque
543 992 694 1054 honestius
707 1010 790 1071 quam
802 997 910 1055 mereri
925 1013 962 1054 ne
977 995 1041 1073 quis
1056 1010 1125 1053 suas

93 1088 292 1158 9expeteret.
322 1078 388 1141 Non
412 1088 458 1140 est
480 1077 724 1159 praetereundum
745 1086 775 1138 et
799 1080 943 1139 novicium
963 1080 1124 1154 inventum,

123 1163 263 1243 siquidem
276 1183 350 1224 nunc
362 1182 400 1224 ex
415 1181 485 1224 auro
501 1171 662 1240 argentove
679 1171 727 1222 aut
739 1172 820 1222 certe
836 1182 873 1222 ex
887 1182 957 1224 aere
972 1165 1001 1223 in
1016 1162 1167 1222 biblio-10

123 1251 216 1308 thecis
232 1249 364 1310 dicantar
374 1249 432 1308 illis
448 1265 568 1326 quorum
584 1246 754 1308 inmortales
769 1249 880 1308 animae
897 1250 926 1308 in
941 1248 1015 1308 loeis
1031 1246 1125 1307 isdem

124 1335 275 1411 locuntur,
290 1336 457 1412 quinimmo
475 1334 561 1393 etiam
577 1351 650 1411 quae
666 1350 724 1393 non
741 1341 805 1392 sunt
821 1333 983 1410 linguntur,
998 1333 1125 1411 pariunt·

123 1438 179 1498 que
196 1418 342 1478 desideria
357 1436 416 1479 non
431 1416 554 1477 traditos
569 1415 678 1495 voltus,
691 1418 765 1476 sicut
781 1418 810 1476 in
822 1415 949 1478 Homero
969 1417 995 1477 id
1014 1418 1123 1476 evenit.

80 1519 114 1571 10
130 1522 187 1583 qno
204 1505 311 1581 maius,
327 1511 358 1562 ut
371 1502 506 1582 equidem
521 1501 664 1579 arbitror,
681 1500 786 1560 nullum
803 1510 850 1562 est
865 1501 1013 1562 felicitatis
1028 1502 1125 1579 speci·

122 1608 188 1648 men
211 1606 294 1666 quam
318 1606 435 1666 semper
456 1588 549 1646 omnis
566 1589 642 1647 scire
665 1603 774 1665 cupere
791 1586 883 1664 qualis
899 1587 988 1647 luerit
1008 1585 1166 1665 aliquisne

123 1674 205 1732 Asini
216 1671 348 1732 Polionis
364 1672 421 1731 hoc
432 1670 543 1730 Romae
558 1673 715 1749 inventum,
731 1673 778 1750 qui
794 1673 902 1750 primus
915 1670 1123 1731 bibliothecam

122 1756 242 1817 dicando
265 1758 383 1833 ingenia
410 1755 557 1814 hominum
576 1774 638 1815 rem
661 1755 803 1834 publicam
828 1757 907 1817 iecit.
945 1775 980 1816 an
1002 1757 1122 1835 priores

122 1841 274 1918 coeperint
290 1839 495 1900 Alexandreae
518 1849 547 1901 et
568 1838 702 1918 Pergami
724 1859 832 1920 reges,
855 1843 902 1920 qui
926 1840 1122 1902 bibliothecas

79 1939 108 1992 lv
128 1943 232 2003 magno
251 1926 407 1985 certamine
426 1925 599 2002 instituere,
620 1943 678 1984 non
699 1925 785 1986 facile
800 1926 931 1988 dixerim.
968 1927 1123 2004 imaginum

121 2028 249 2071 amorem
265 2009 407 2088 llagrasse
423 2009 565 2087 quondam
579 2017 673 2070 testes
689 2019 755 2069 sunt
770 2011 885 2071 Atticus
900 2011 950 2072 ille
967 2010 1121 2089 Ciceronis
1136 2029 1167 2071 ao

123 2095 201 2156 edito
213 2094 248 2154 de
260 2095 296 2154 iis
305 2093 450 2154 volumine
460 2103 489 2154 et
498 2093 638 2155 bl.Varro
647 2094 856 2173 benignissimo
865 2097 1122 2175 invento,insertis

121 2179 295 2240 voluminum
314 2196 430 2240 suorum
444 2179 613 2239 fecunditati
627 2181 878 2259 septingentorum
894 2181 1056 2241 inlustrium
1070 2181 1123 2240 ali-

122 2282 179 2344 quo
201 2264 287 2324 modo
310 2264 500 2343 imaginibus,
529 2282 587 2325 non
611 2283 715 2343 passus
737 2265 913 2327 intercidere
936 2267 1043 2344 figuras
1072 2275 1123 2326 aut

121 2357 296 2410 vetustatem
321 2351 386 2409 aevi
413 2358 513 2410 contra
538 2349 670 2410 homines
691 2349 809 2428 valere,
834 2353 972 2412 inventor
992 2353 1122 2411 muneris

122 2436 207 2494 etiam
223 2433 266 2494 dis
281 2433 435 2514 invidiosi,
457 2434 570 2513 quando
591 2434 826 2496 inmortalitatem
847 2454 905 2497 non
921 2435 1013 2496 solnm
1030 2436 1121 2514 dedit,
1133 2454 1164 2496 25

121 2538 221 2579 verum
235 2520 320 2579 etiam
332 2520 361 2578 in
377 2520 468 2579 omnis
485 2527 578 2578 terras
592 2520 681 2596 misit,
697 2527 727 2578 ut
741 2530 914 2598 praesentes
930 2539 998 2582 esse
1012 2521 1121 2600 ubique

122 2622 176 2662 ceu
195 2604 222 2662 di
240 2611 372 2683 possent.

79 2698 113 2754 12
186 2687 213 2748 3.
231 2686 292 2767 (3.)
310 2685 347 2746 Et
363 2687 419 2748 hoc
434 2687 548 2766 quidem
567 2688 669 2748 alienis
691 2688 740 2748 ille
757 2691 913 2768 praestitit.
950 2709 1050 2750 verum
1070 2690 1122 2750 cli·

122 2789 197 2851 peos
209 2774 238 2831 in
256 2789 341 2831 sacro
357 2772 406 2832 vel
421 2771 539 2852 publico
556 2774 652 2834 dicare
665 2774 797 2851 privatim
814 2776 923 2853 primus
938 2777 1072 2852 instituit,
1089 2784 1122 2834 ut

121 2859 253 2936 reperio,
265 2855 379 2936 Appius
394 2855 540 2935 Claudius,
553 2860 600 2937 qui
617 2857 718 2918 consul
730 2857 830 2919 cumP.
840 2858 966 2921 Servilio
979 2860 1033 2919 luit
1044 2878 1121 2921 anno
1134 2890 1164 2932 30

123 2942 203 3002 urbis
225 2939 349 3001 cctlx.
381 2944 480 3022 posuit
502 2945 577 3002 enim
599 2946 627 3003 in
644 2942 785 3003 Bellonae
806 2943 879 3004 aede
895 2946 1022 3006 maiores
1037 2962 1121 3022 snos,

123 3027 288 3105 placuitque
320 3027 349 3086 in
380 3028 501 3088 excelso
529 3030 655 3107 spectari
685 3036 715 3088 et
744 3029 845 3089 titulos
876 3029 1016 3091 honorum
1047 3028 1121 3109 legi,

122 3110 228 3171 decora
251 3129 319 3188 res,
344 3113 443 3191 utique
462 3115 486 3172 si
509 3113 632 3173 liberum
654 3112 738 3174 turba
760 3115 932 3192 imaginibus
952 3133 1007 3175 ceu
1024 3115 1121 3175 nidum

123 3195 245 3273 aliquem
267 3195 379 3256 subolis
401 3198 514 3276 pariter
538 3197 689 3274 ostendat,
715 3199 807 3277 qualis
829 3199 942 3279 clipeos
958 3217 1042 3260 nemo
1061 3217 1121 3260 non

80 3291 115 3344 13
129 3280 257 3356 gaudens
278 3280 439 3359 favensque
466 3282 597 3362 adspicit.
634 3284 695 3363 (4.)
719 3282 793 3345 Post
822 3303 885 3345 eum
915 3283 952 3344 Μ.
975 3284 1162 3347 Aemiliusaa
1224 3317 1226 3320 ·

122 3364 237 3442 collega
252 3366 282 3423 in
298 3365 448 3426 consulatu
465 3363 563 3438 Quinti
579 3365 673 3427 Lutati
695 3387 753 3428 non
769 3371 797 3428 in
820 3370 939 3430 basilica
957 3370 1043 3431 modo
1060 3371 1121 3431 Ae·
1220 3327 1226 3446 i

121 3447 197 3508 milia
214 3466 314 3508 rerum
330 3459 359 3509 et
371 3450 446 3509 domi
464 3469 534 3511 suae
550 3454 664 3531 posuit,
680 3452 708 3512 id
726 3471 842 3532 quoque
855 3453 959 3515 llartio
972 3455 1119 3535 exemplo.
1224 3447 1225 3452 ’

123 3535 212 3594 scutis
233 3535 324 3613 enim,
347 3535 480 3613 qualibus
502 3535 577 3616 apud
594 3536 708 3598 Troiam
730 3548 885 3617 pugnatum
903 3551 965 3619 est,
989 3542 1122 3602 contine-
