2468 3896
19 3527 22 3616 l

311 274 390 319 nar.
412 272 501 321 rursu.
522 273 646 322 xxxnr.
669 274 693 329 a.
713 263 861 342 (ta—18.)
1050 264 1086 324 ta

94 425 227 503 platanum
244 429 404 506 vitemque.
442 448 495 508 qua
523 433 645 492 victoria
668 434 781 509 argenti
801 435 827 498 'fi
849 432 1022 492 talentorum
1038 449 1084 492 re-

94 512 212 586 portavit
230 521 261 571 et
278 521 422 573 craterem
435 514 630 576 Semiramidis
646 517 726 574 cuius
742 516 855 595 pondus
869 535 947 577 0000
959 516 1084 576 talento·

92 611 145 652 rum
164 594 339 674 colligebat.
379 596 515 660 talentum
537 601 714 678 Aegyptium
736 595 834 678 pondo
855 599 962 660 LXXX
979 609 1129 678 patescat

92 676 176 739 Varro
201 680 302 739 tradit.
339 683 396 762 iarn¹
413 693 589 760 regnaverat
616 687 644 743 in
666 678 784 744 Colchis
809 683 948 744 Saulaces
970 684 1084 745 Aeetae

76 760 212 840 asubolis,
230 767 281 842 qui
302 773 408 825 terram
424 769 566 846 virginem
582 776 680 828 nactus
701 767 860 846 plurumum
882 771 943 827 auri
959 771 1086 846 argenti·

91 863 139 922 que
155 849 275 908 eruisse
293 849 399 909 dicitur
420 853 450 910 in
472 853 631 912 Suanorum
646 860 736 930 gente
754 861 784 912 et
800 852 909 932 alioqui
924 852 1086 914 velleribus

90 931 177 990 aureis
205 933 319 994 incluto
342 953 444 1012 regno.
484 945 514 996 et
531 936 609 996 illius
627 954 733 997 aureae
756 953 903 1016 camarae,
927 945 1087 1014 argenteae

91 1013 180 1075 trabes
203 1025 237 1075 et
259 1018 412 1078 columnae
429 1027 515 1100 atque
539 1022 730 1099 parastaticae
754 1031 905 1082 narrantur
934 1023 1012 1081 victo
1032 1022 1084 1082 Se·

90 1101 170 1159 rostri
192 1101 327 1180 Aegypti
359 1121 430 1179 rege
460 1114 517 1164 tam
543 1105 672 1183 superbo
698 1115 727 1164 ut
750 1105 889 1184 prodatur
915 1107 997 1165 annis
1027 1108 1088 1185 qui·

67 1180 195 1266 abusque
213 1194 300 1246 sorte
319 1201 408 1264 reges
427 1189 558 1266 singulos
576 1207 593 1249 e
610 1189 751 1249 sublectis
773 1191 896 1266 iungere
918 1189 952 1248 ad
974 1207 1087 1249 currum

91 1266 186 1326 solitus
205 1279 297 1348 atque
314 1272 354 1329 ita
372 1273 555 1351 triumphare.

147 1365 233 1450 (to.)
250 1369 289 1430 Et
305 1389 359 1430 nos
374 1371 494 1432 iacimus
508 1391 581 1450 quae
591 1375 704 1450 posteri
717 1373 849 1434 fabulosa
862 1373 1081 1433 arbitrarentur.
1095 1385 1130 1437 53

92 1449 192 1514 Caesar
217 1457 268 1534 qui
292 1463 397 1535 postea
424 1455 547 1516 dictator
568 1458 622 1517 luit
636 1459 743 1535 primus
759 1460 788 1516 in
803 1454 951 1516 aedilitate
967 1474 1086 1516 munere

91 1539 172 1612 patris
190 1539 310 1599 funebri
330 1541 405 1600 omni
422 1541 558 1619 adparatu
574 1541 698 1600 harenae
723 1551 865 1619 argenteo
883 1558 951 1598 usus
968 1548 1030 1616 est,
1046 1541 1088 1600 fe·

68 1636 189 1698 rarasque
206 1626 296 1683 etiam
312 1627 461 1702 argenteis
484 1627 562 1685 vasis
578 1627 758 1686 incessivere
778 1635 835 1685 tum
854 1625 971 1702 primum
996 1626 1087 1700 noxii,

92 1705 233 1780 quodiam
251 1711 338 1767 ctiam
354 1711 383 1768 in
398 1711 559 1790 municipiis
577 1710 763 1770 aemulantur.
794 1706 825 1768 C.
842 1710 986 1768 Antonius
1004 1707 1087 1768 ludos

93 1805 188 1851 scaena
211 1800 354 1870 argentea
378 1793 468 1870 lecit,
492 1795 559 1854 item
583 1792 614 1854 L.
630 1793 767 1872 Murena,
790 1791 876 1853 Gaius
899 1794 1036 1872 princeps
1058 1793 1088 1852 in

93 1873 162 1934 circo
191 1895 300 1955 pegma
328 1877 407 1936 duxit
432 1878 462 1936 in
488 1895 545 1956 quo
573 1879 656 1956 luere
680 1880 793 1956 argenti
822 1877 919 1957 pondo
947 1877 1086 1944 diffl.

95 1953 224 2020 Claudius
242 1977 401 2020 successor
414 1963 489 2037 eius,
505 1980 568 2020 cum
584 1962 619 2022 de
634 1959 779 2022 Britannia
791 1961 992 2040 triumpharet,
1007 1963 1084 2021 inter
1096 1971 1130 2024 54

70 2057 212 2104 aaroronas
238 2063 342 2104 aureas
365 2047 418 2113 v'11
441 2044 538 2125 pondo
561 2045 670 2106 habere
695 2064 777 2125 quam
798 2044 972 2107 contulisset
987 2044 1087 2123 Hispa·
1161 2055 1163 2060 ’

93 2126 132 2184 nia
146 2130 284 2205 citerior,
297 2129 377 2196 νῖῇῑ
390 2147 472 2208 quam
484 2127 575 2192 Gallia
590 2139 712 2208 comata,
728 2131 820 2190 titulis
836 2129 982 2190 indicavit.
1004 2130 1087 2190 buius

95 2207 191 2272 deinde
217 2230 374 2273 successor
400 2213 480 2274 Nero
504 2214 624 2293 Pompei
652 2215 794 2275 theatrum
823 2214 940 2292 operuit
962 2232 1033 2274 auro
1058 2215 1088 2272 in

94 2309 169 2354 uuum
185 2297 264 2356 diem
280 2315 338 2376 quo
354 2295 473 2358 Tiridati
489 2298 645 2359 Armeniae
661 2301 725 2377 regi
743 2298 922 2358 ostenderet.
954 2307 984 2358 et
1001 2306 1088 2376 quota

95 2393 154 2452 pars
170 2399 207 2442 ea
223 2381 277 2440 iuit
293 2399 400 2442 aureae
416 2383 515 2444 domus
533 2383 686 2443 ambientis
705 2384 820 2442 urbem!

70 2503 88 2544 ²⁵
150 2501 235 2579 (17.)
258 2499 330 2560 Auri
351 2503 379 2560 in
394 2503 507 2561 aerario
524 2501 625 2579 popuii
640 2485 760 2562 Ro'mani
779 2500 863 2560 tuere
879 2498 947 2558 Sex.
963 2497 1038 2557 lulio
1053 2496 1083 2557 L.
1096 2511 1130 2564 55

97 2578 213 2644 Aurelio
237 2602 334 2660 coss,
357 2593 470 2663 septem
492 2587 573 2644 anuis
591 2595 659 2646 ante
676 2585 784 2645 bellum
801 2583 937 2644 Punicum
962 2583 1088 2660 tertium,

96 2668 186 2740 pondo
204 2671 290 2736 ῖνῖῑ,
314 2666 457 2747 CCCCX,
481 2671 595 2747 argenti
615 2669 702 2736 ffir.
719 2667 814 2746 LXX,
837 2677 866 2728 et
888 2669 916 2727 in
939 2675 1088 2727 numerato

97 2745 181 2834 ἱΙΤΧῑΙ.
193 2755 305 2822 iffi.
319 2750 429 2829 CCCC,
445 2752 512 2814 Sex.
524 2753 598 2814 Iulio
613 2752 645 2813 L.
656 2753 764 2815 biarcio
782 2771 871 2828 coss,
885 2751 941 2812 boc
957 2760 1002 2811 est
1018 2750 1088 2811 belli

98 2839 208 2898 socialis
222 2840 317 2915 initio,
334 2840 394 2898 auri
411 2835 502 2920 lffil.
520 2839 580 2906 xir.
595 2835 803 2899 DCCCXXXl.
827 2835 858 2898 C.
873 2834 982 2896 Caesar
992 2837 1085 2913 primo
1098 2847 1131 2901 56

73 2920 211 2983 ttintroitu
237 2923 317 2982 urbis
339 2921 417 2982 civili
438 2922 519 2983 bello
547 2940 600 2981 suo
626 2941 664 2982 ex
684 2925 798 2982 aerario
820 2921 941 3000 protulit
966 2919 1087 2980 laterum

99 3021 244 3068 aureorum
256 3009 323 3084 W,
345 3014 549 3084 argenteorum
568 3009 662 3084 iffi,
680 3015 710 3067 et
725 3007 754 3067 in
769 3023 881 3066 nummo
899 3001 997 3090 [6651
1035 3023 1088 3067 nec

98 3088 144 3150 iuit
160 3091 226 3151 aliis
245 3092 425 3171 temporibus
438 3111 487 3152 res
505 3091 620 3170 publica
631 3091 817 3170 locupletior.
842 3091 938 3150 intulit
952 3088 1088 3152 ethemi-

99 3171 145 3236 lius
156 3176 262 3237 Paulus
274 3175 386 3237 Perseo
402 3195 475 3254 rege
490 3177 569 3235 victo
586 3173 799 3236 eblacedonica
815 3175 922 3254 praeda
941 3171 1087 3260 lffio'offop,

101 3275 181 3339 aquo
197 3271 330 3341 tempore
346 3260 471 3340 populus
486 3259 631 3320 Romanus
648 3258 784 3320 tributum
798 3259 927 3338 pendere
944 3259 1039 3321 desiit.

77 3379 94 3422 ³⁵
154 3359 236 3460 (18.)
260 3377 437 3456 laquearia,
461 3395 534 3456 quae
549 3395 623 3438 nunc
638 3385 668 3438 et
685 3380 714 3438 in
730 3379 850 3457 privatis
866 3376 997 3436 domibus
1013 3396 1084 3438 auro
1097 3365 1145 3442 57'

102 3467 247 3542 teguntur,
266 3471 333 3542 post
350 3460 550 3540 Carthaginem
572 3480 704 3523 eversam
724 3463 817 3540 primo
835 3463 867 3541 ,in
883 3458 1029 3537 Capitolio
1047 3464 1088 3519 in-

102 3557 190 3608 aurata
215 3557 281 3608 sunt
302 3565 425 3607 censura
446 3545 476 3605 L.
499 3544 623 3606 Mummi.
662 3545 727 3607 inde
753 3545 896 3604 transiere
917 3543 946 3601 in
961 3559 1087 3601 camaras
