2510 3898
139 197 198 260 158
483 209 623 258 ormm
639 210 789 258 sucuucr

138 365 400 427 senatusconsulto.
430 367 521 430 minus
537 374 617 426 certa
635 374 701 424 sunt
716 365 751 426 de
766 367 869 444 quibus
887 373 917 428 et
928 367 983 427 viri
999 365 1138 444 iudicant,

136 449 316 528 singulorum
337 451 413 510 enirn
438 449 527 510 libido
557 451 651 528 pretia
672 449 794 527 singulis
824 451 893 510 lacit
920 451 1138 528 praecipueque

136 534 307 608 aemulatio,
331 532 412 594 velut
433 552 496 594 cunr
518 532 653 594 Claudius
677 531 787 594 Caesar
807 535 976 612 zmaragdos
999 533 1137 594 induebat

137 619 183 680 vel
200 617 407 694 sardonyches.
434 619 542 696 primus
558 625 653 678 autern
664 615 857 678 Romanorum
871 616 1053 696 sardonyche
1066 635 1136 676 usus

137 713 183 764 est
198 702 352 763 Airioanus
373 703 472 780 prior,
488 709 519 762 ut
535 701 622 762 tradit
633 701 853 780 Demostratus,
869 702 981 762 atinde
997 701 1163 762 Romaniss

135 805 266 865 gemmae
282 787 365 846 huius
381 787 546 846 auctoritas.
581 785 767 864 quamobrem
783 795 813 846 et
827 804 998 867 proxumum
1015 788 1042 846 ei
1058 785 1136 845 dahi-

93 882 200 937 somus
224 871 327 930 locum.
366 869 568 947 Sardonychas
587 869 672 945 olim,
698 873 772 928 sicut
795 886 833 927 ex
856 871 921 941 ipso
944 868 1058 926 nomine
1088 868 1136 928 ad·

135 962 235 1035 paret,
251 953 498 1032 intellegebantur
513 953 639 1015 candore
656 955 685 1012 iu
700 953 799 1030 sarda,
814 952 871 1014 hoc
883 961 929 1013 est
941 952 1032 1012 veluti
1048 969 1135 1013 carne

136 1040 223 1114 ungui
247 1039 371 1099 hominis
393 1039 518 1117 inposita
543 1047 573 1098 et
596 1047 721 1114 utroque
742 1037 893 1098 tralucido.
923 1037 1047 1114 talisque
1066 1055 1136 1098 esse

135 1122 249 1184 Indicas
264 1123 378 1184 tradunt
391 1123 541 1199 Ismenias,
557 1121 770 1198 Demostratus,
785 1120 983 1199 Zenothemis,
1000 1120 1179 1197 Sotacus,1o

134 1206 163 1266 hi
187 1207 300 1285 quidem
321 1206 377 1268 duo
403 1206 531 1285 reliquas
557 1207 649 1266 omnis
674 1224 748 1284 quae
770 1224 829 1266 non
851 1204 1010 1266 traluceant
1030 1222 1136 1265 caecas

93 1301 126 1356 87
137 1291 301 1370 appellant,
324 1308 398 1370 quae
413 1309 487 1351 nunc
504 1290 653 1351 abstulere
672 1307 787 1350 nomen.
817 1288 906 1350 Nullo
918 1288 1069 1350 sardarum
1084 1307 1137 1348 ve-

135 1377 223 1452 stigio
247 1375 392 1436 Arabicae
414 1383 496 1453 sunt,
525 1382 746 1453 coeperuntque
771 1374 903 1453 pluribus
924 1373 979 1434 hae
1001 1391 1135 1451 gemmae
1172 1442 1180 1452 ,

135 1460 284 1520 coloribus
308 1460 458 1538 intellegi,
479 1458 577 1520 radice
597 1460 680 1536 nigra
699 1467 748 1516 aut
767 1457 932 1518 caeruleum
953 1459 1082 1518 imitante
1105 1464 1137 1517 ct

134 1562 231 1622 ungue
253 1545 367 1606 minium
388 1544 551 1605 redimitum
571 1541 691 1604 candido
715 1543 833 1622 pingui,
853 1561 908 1602 nec
929 1543 993 1602 sine
1017 1540 1137 1620 quadam
1147 1561 1177 1601 ιι

134 1645 187 1706 spe
208 1646 353 1707 purpurae
372 1629 496 1689 caudore
514 1630 542 1688 in
559 1628 674 1687 minium
696 1634 875 1688 transeunte.
909 1627 961 1686 has
977 1625 1055 1686 lndis
1076 1624 1136 1686 non

135 1711 246 1772 habitas
266 1715 294 1772 in
312 1713 423 1774 honore
439 1711 625 1772 Zenothemis
642 1711 760 1788 scribit,
782 1720 879 1772 tantae
900 1710 972 1771 alias
994 1711 1136 1788 magnitu-

91 1804 126 1858 88
137 1795 211 1856 dinis
231 1806 263 1857 ut
285 1798 351 1859 inde
367 1796 486 1876 capulos
501 1797 674 1856 factitarent.
709 1797 815 1857 etenim
833 1803 947 1856 constat
962 1795 1003 1856 ibi
1020 1803 1135 1855 torren-

134 1880 211 1946 tibus
230 1880 346 1959 detegi,
365 1881 509 1961 placuisse
525 1883 553 1939 in
571 1889 672 1940 nostro
689 1881 762 1940 orbe
778 1880 880 1958 initio,
899 1879 1034 1959 quoniam
1050 1879 1134 1940 solae

133 1981 227 2043 prope
241 1984 415 2043 gemmarum
431 1964 559 2042 scalptae
574 1983 670 2025 ceram
689 1980 746 2024 non
762 1965 903 2025 auserunt.
937 1964 1134 2044 persuasimus
1144 1978 1175 2020 ιι

134 2047 238 2110 deinde
257 2059 286 2111 et
302 2049 379 2110 ludis
396 2057 427 2108 ut
443 2051 498 2127 ipsi
519 2066 635 2128 quoque
651 2048 696 2109 bis
712 2049 882 2126 gauderent.
904 2051 1051 2126 utiturque
1067 2043 1151 2126 per·'

133 2132 237 2194 foratis
255 2136 354 2212 utique
374 2132 480 2210 volgus
502 2135 531 2193 in
550 2133 636 2194 collo.
670 2141 700 2194 et
725 2132 781 2193 hoo
804 2151 879 2192 nunc
906 2140 952 2194 est
974 2131 1134 2193 Indicarum

133 2227 340 2294 argumentum.
372 2216 517 2278 Arabicae
539 2216 686 2278 excellunt
706 2217 832 2278 candore
850 2216 948 2279 circuli
965 2215 1134 2295 praelucido

133 2307 219 2379 atque
239 2319 297 2362 non
314 2301 434 2379 gracili,
458 2321 553 2380 neque
573 2303 602 2362 in
622 2320 743 2362 recessu
764 2319 894 2379 gemmae
910 2303 1001 2380 autin
1017 2301 1134 2363 deiectu

133 2385 285 2446 recidente
309 2386 362 2446 sed
388 2387 416 2445 in
437 2387 509 2464 ipsis
532 2387 704 2447 umbonibus
730 2387 860 2464 nitente,
888 2395 1045 2465 praeterea
1066 2385 1173 2446 sub-aa

90 2478 124 2532 89
136 2476 225 2530 ιιιιιο
241 2471 389 2548 nigerrirni
405 2470 523 2532 coloris.
551 2469 615 2531 lloo
633 2471 662 2530 in
676 2469 780 2531 Indicis
796 2489 912 2531 cereum
931 2479 979 2530 aut
994 2488 1134 2531 corneum

133 2554 287 2631 invenitur,
300 2555 354 2614 ianr
370 2553 469 2614 circuli
485 2555 552 2616 albi.
574 2555 713 2633 quaedam
728 2557 757 2615 in
773 2557 809 2614 iis
827 2556 965 2616 caelestis
985 2573 1068 2616 arcus
1084 2573 1134 2614 an-

132 2635 241 2698 helatio
257 2647 320 2714 est,
335 2638 507 2716 superficies
523 2657 597 2700 vero
613 2639 788 2699 locustarum
805 2641 891 2700 maris
906 2641 1011 2700 crustis
1028 2640 1133 2700 ruben·

133 2719 198 2780 tior.
232 2739 295 2780 narn
318 2720 441 2782 melleae
465 2731 513 2782 aut
530 2722 770 2784 faeculentae-
786 2723 843 2784 hoc
864 2725 940 2784 enirn
962 2741 1066 2784 nornen
1086 2732 1133 2785 est

132 2805 203 2865 vitio
218 2805 481 2884 -inprobantur,
504 2816 553 2868 aut
571 2809 594 2868 si
615 2825 687 2868 zona
702 2808 767 2868 alba
788 2807 886 2868 fundat
902 2827 952 2887 se,
975 2824 1034 2869 non
1049 2808 1170 2874 colli-ao

130 2898 181 2964 gat
189 2932 199 2967 ,
222 2890 307 2952 simili
330 2890 416 2950 modo
442 2892 465 2951 si
491 2911 529 2952 ex
552 2892 611 2953 alio
635 2891 737 2953 colore
763 2893 892 2953 admittat
918 2894 948 2952 in
970 2911 1003 2953 se
1024 2892 1133 2971 aliquid

132 2978 311 3053 enormiter,
329 2974 399 3035 nibil
417 2977 536 3036 enimin
556 2995 606 3037 sua
621 2976 693 3036 sede
707 2976 889 3056 interpellari
909 2977 1006 3037 alieno
1024 2977 1130 3056 placet.

132 3057 202 3119 Sunt
218 3069 247 3120 et
262 3059 418 3120 Armeniae
437 3069 536 3122 cetera
552 3060 719 3141 probandae
736 3061 788 3122 sed
804 3060 909 3141 pallida
925 3079 1020 3137 aona„

88 3153 123 3207 90
195 3144 274 3222 (24.)
297 3143 476 3222 Exponenda
500 3155 545 3206 est
568 3156 597 3207 et
619 3145 740 3222 onychis
767 3147 860 3225 ipsius
883 3155 984 3206 natura
1006 3155 1132 3226 propter

88 3245 118 3287 a,
129 3247 153 3280 ιι
165 3229 287 3288 nominis
303 3230 485 3290 societatem.
519 3229 576 3292 hoc
590 3229 678 3290 aliubi
697 3230 818 3309 lapidis,
833 3229 880 3290 hic
896 3248 1026 3308 gemmae
1044 3247 1168 3291 voca-as

130 3311 227 3372 bulum
249 3321 294 3372 est
312 3313 386 3391 [sive
402 3315 493 3392 partis
510 3315 572 3375 eius
588 3332 661 3394 quae
682 3314 717 3375 ad
732 3316 835 3393 unguis
855 3314 1068 3376 similitudinem
1083 3333 1131 3376 re·

130 3395 240 3474 fertur,
264 3395 300 3456 de
322 3395 379 3456 hoc
401 3398 440 3456 ita
463 3399 601 3477 scriptum
625 3399 695 3478 estl.
734 3399 857 3460 Sudines
877 3399 946 3460 dicit
967 3400 995 3459 in
1016 3417 1131 3478 gemina

131 3497 199 3540 esse
221 3480 392 3559 candorem,
413 3484 516 3560 unguis
538 3483 650 3544 humani
673 3483 904 3562 similitudinem,
925 3485 994 3546 item
1009 3485 1130 3561 chryso-
