2510 3898
142 196 203 258 104
484 207 514 258 c.
532 211 627 257 uuum
644 207 794 257 sucorum

139 382 256 446 quoque
278 372 390 442 partem
408 365 570 442 attingere,
593 382 656 424 cum
672 363 721 424 lex
739 361 851 424 hletilia
870 371 968 424 exstet
983 363 1145 424 fullonibus

140 451 214 510 dicta
227 466 311 527 quam
326 445 357 508 C.
373 447 529 509 Flaminius
545 447 575 508 l.
592 448 733 509 Aemilius
756 465 896 509 censores
915 447 1024 508 dedere
1040 446 1075 509 ad
1090 465 1147 527 po-

100 545 149 600 193
160 533 257 613 pulum
271 532 428 593 ferendam.
464 533 537 594 adeo
565 534 659 593 omnia
671 533 828 593 maioribus
841 551 927 593 curae
942 532 1034 593 fuere.
1069 550 1146 611 ergo

141 617 213 678 crdo
231 616 279 677 bie
290 625 352 678 est:
370 619 491 696 primum
503 617 629 678 abluitur
642 619 734 678 uestis
748 616 849 694 Sarda,
865 617 933 677 dein
948 616 1066 695 sulpure
1083 617 1146 677 sni·

140 703 223 779 fitur,
240 718 309 761 mox
325 701 529 781 desquamatur
544 700 666 764 Cimolia
681 719 754 780 quae
773 709 819 762 est
833 701 943 762 coloris
961 702 1033 763 veri.
1064 702 1169 763 luca-a

143 794 188 847 tus
207 788 283 847 enim
300 784 528 864 deprehenditur
542 787 741 865 nigrescitque
759 795 789 847 et
807 785 935 847 funditur
951 785 1081 865 sulpure,
1094 805 1147 846 ve·

140 888 190 932 ros
210 879 306 931 autem
327 879 358 930 et
374 871 525 950 pretiosos
548 870 666 932 colores
692 869 803 931 emollit
820 868 942 931 Cimolia
964 879 994 931 et
1020 869 1147 948 quodam
1244 899 1246 928 t

140 957 236 1016 nitore
249 953 393 1015 exhilarat
407 960 596 1016 contristatos
610 955 737 1034 sulpure.
757 954 885 1016 candidis
898 954 1030 1016 vestibus
1044 972 1146 1015 saxum
1245 947 1247 1034 l

140 1039 238 1099 utilius
260 1039 428 1118 asulpure,
451 1041 593 1100 inimicum
613 1039 772 1100 coloribus.
804 1037 925 1100 Graecia
950 1057 1004 1118 prc
1021 1036 1146 1099 Cimolia
1245 1065 1247 1108 ς

141 1122 318 1201 Tymphaicc
334 1124 424 1184 utitur
438 1141 544 1202 gypso.
1157 1144 1185 1185 ao
1247 1171 1248 1176 η

99 1219 149 1275 199
224 1207 308 1287 (58.)
332 1207 395 1268 Alia
413 1217 493 1268 creta
515 1209 679 1286 argentaria
696 1207 860 1287 appellatur
877 1209 1002 1268 nitorem
1019 1214 1145 1284 argento

140 1290 275 1353 reddens.
296 1300 387 1352 estet
403 1292 543 1353 vilissima
559 1295 621 1373 qua'
632 1293 739 1352 circum
754 1290 934 1372 praeducere
950 1292 985 1352 ad
1001 1293 1144 1352 victoriae
1248 1291 1249 1296 ’

139 1385 236 1437 notam
252 1376 403 1455 pedesque
426 1376 570 1437 renalium
587 1379 768 1437 transmaria
793 1376 979 1438 advectorum
1003 1375 1145 1437 denotare

140 1462 327 1521 instituerunt
352 1462 496 1540 maiores,
520 1461 665 1539 talemque
686 1459 841 1521 Publilium
855 1459 993 1521 Loehium
1013 1461 1145 1521 mimicae

141 1563 265 1607 scaenae
277 1545 459 1608 conditorem
471 1554 502 1608 et
517 1545 697 1623 astrologiae
711 1545 917 1606 consobrinum
927 1547 989 1606 eius
997 1539 1145 1606 Manilium
1156 1561 1181 1602 aa

139 1628 331 1709 Antiochum,
348 1631 418 1690 item
433 1631 635 1708 grammaticae
647 1629 811 1691 Staberium
818 1628 939 1691 Erotem
954 1629 1055 1691 eadem
1069 1646 1145 1690 nave

98 1726 150 1780 200
163 1715 302 1774 advectos
321 1713 422 1776 videre
441 1715 551 1794 proavi.
600 1714 647 1776 18.
665 1713 724 1775 Sed
745 1714 813 1794 quid
833 1714 888 1775 hos
910 1715 1022 1777 referat
1039 1714 1145 1792 aliquis

140 1799 301 1859 litterarum
328 1798 441 1859 honore
473 1795 709 1859 commendatos?
747 1798 833 1860 talem
861 1801 889 1859 in
911 1809 1019 1860 catasta
1043 1798 1145 1860 videre

142 1880 348 1960 Chysogouum
368 1882 484 1960 Sullae,
499 1882 691 1962 Amphionem
707 1881 740 1956 Q.
759 1881 869 1962 Catuli,
885 1893 1032 1945 rectorem
1046 1882 1078 1942 h.
1090 1881 1145 1943 Lu·
1206 1949 1210 1956 ,

140 1966 219 2044 culli,
234 1966 412 2048 Demetrium
425 1967 563 2047 Pompei,
580 1967 743 2047 Augenque
756 1967 915 2047 Demetrii,
933 1985 1101 2047 quamquam
1114 1975 1144 2027 et
1154 1984 1180 2026 nc

139 2053 203 2130 ipsa
219 2050 339 2129 Pompei
360 2051 470 2113 credita
486 2061 547 2132 est,
573 2051 766 2131 Hipparchum
787 2052 824 2113 hl.
843 2052 970 2131 Antoni,
988 2051 1102 2114 llleuam
1114 2059 1144 2112 et

139 2134 328 2196 llleuccraten
346 2135 414 2197 Sex.
431 2136 553 2216 Pompei
568 2135 701 2216 aliosque
717 2137 857 2216 deinceps
875 2155 948 2216 qucs
972 2154 1144 2198 enumerare

139 2220 195 2280 iam
212 2236 270 2279 uou
290 2228 337 2281 cst
357 2223 498 2300 sanguine
520 2219 673 2294 Quiritium
701 2229 731 2282 et
752 2223 998 2301 proscriptionum
1025 2221 1143 2282 licentia

97 2314 146 2369 lot
163 2303 278 2364 ditatos.
307 2303 364 2365 boc
380 2314 426 2366 est
441 2307 556 2384 insigne
567 2305 718 2368 uenaliciis
735 2306 876 2386 gregibus
895 2306 1143 2386 opprobriumque

11 2449 16 2456 ,
105 2445 109 2452 f
139 2388 295 2450 insolentis
322 2390 474 2469 fortunae,
497 2390 574 2470 quod
595 2398 625 2451 et
640 2408 693 2451 uos
710 2391 785 2452 adeo
802 2392 891 2470 potiri
907 2409 1004 2452 rerum
1020 2390 1180 2450 vidimusas

139 2480 170 2534 ut
193 2475 341 2552 praetoria
365 2493 482 2554 quoque
507 2483 675 2536 ornamenta
703 2475 821 2538 decerni
851 2493 868 2536 a
896 2484 999 2538 senatu
1022 2475 1143 2536 iubente

139 2557 303 2636 Agrippina
330 2561 429 2624 Claudi
448 2559 583 2624 Caesaris
602 2562 783 2639 videremus,
807 2570 973 2643 tantumque
999 2579 1057 2621 uon
1077 2576 1140 2620 cum

143 2645 291 2784 laureatist
313 2646 441 2707 fascibus
474 2647 580 2707 remitti
609 2647 661 2707 illo
690 2645 765 2707 uude
794 2649 912 2707 cretatis
944 2645 1067 2725 pedihus
1094 2641 1141 2703 ad-

138 2744 277 2786 venissem
293 2774 298 2785 .

96 2821 148 2876 202
205 2809 253 2872 19.
271 2811 354 2889 (59.)
371 2808 530 2872 Praeterea
546 2820 612 2873 suut
626 2830 737 2890 genera
753 2821 850 2874 terrae
868 2813 1058 2892 proprietatis
1072 2823 1180 2871 suaeao

96 2895 150 2979 2513
163 2896 200 2957 de
221 2895 325 2976 quibus
348 2896 403 2956 iam
419 2895 561 2974 diximus,
584 2897 636 2957 sed
655 2906 685 2958 et
704 2896 844 2958 hocloco
860 2896 1007 2958 reddenda
1025 2903 1141 2958 natura:

141 2999 179 3042 ex
195 2979 294 3042 Galata
310 2981 404 3041 insula
423 2990 453 3042 et
467 2983 544 3042 cirea
559 2978 698 3059 Clupeam
713 2982 833 3043 Africae
852 2983 1023 3061 scorpiones
1046 2986 1143 3057 necat,

138 3064 258 3127 baliaris
276 3073 306 3126 et
320 3062 478 3127 Ebusitana
494 3068 649 3146 serpentis.

518 3321 720 3332 ...Μ-..ο
