2468 3896
355 245 435 294 nnn.
451 246 542 294 man.
560 246 738 300 nunninus.
757 232 832 318 (19.)
1048 235 1089 300 l'l

82 400 253 462 nobiliores
269 401 348 463 iecit.
382 399 598 481 Cephisodotus
612 401 770 462 llinerram
783 401 943 463 mirabilem
958 404 1089 484 inportu

83 485 313 546 Atheniensium
328 494 359 546 et
374 503 451 546 aram
465 485 498 546 ad
512 484 648 566 templum
660 485 738 546 louis
755 485 921 547 Servatoris
938 488 967 547 in
984 487 1088 548 eodem

83 578 193 649 portu,
216 570 262 629 cui
288 587 378 648 pauca
399 579 600 649 conparantur.
636 567 784 632 Canachus
801 570 967 649 Apollinem
980 572 1129 636 nudunto

84 656 134 732 qui
164 652 312 714 Philesius
335 654 556 733 cognominatur
579 655 609 714 in
631 653 790 732 Didymaeo
814 654 988 733 Aeginetica
1008 657 1086 716 aeris

61 746 301 817 etennensium,
316 756 493 818 cerromque
511 755 565 799 una
581 739 621 799 ita
636 741 771 818 vestigiis
787 739 938 818 suspendit
953 748 983 800 ut
999 740 1086 800 linum

0 881 1 888 ,
82 831 190 902 supter
205 823 300 902 pedes
314 822 444 884 trahatur
458 823 572 886 alterno
584 840 682 885 morsu
698 824 778 884 calce
790 823 947 903 digitisque
959 825 1086 885 retinen·

0 963 1 982 y
82 907 162 967 tihus
187 908 300 986 solum,
324 911 363 968 ita
380 908 551 970 vertebrato
570 907 657 969 dente
674 911 806 988 utrisque
824 910 852 970 in
871 909 1002 989 partibus
1023 917 1086 968 uta

0 987 1 1064 l
81 991 207 1071 repulsu
223 1009 278 1070 per
294 993 365 1053 uicis
382 993 502 1054 resiliat.
522 992 598 1055 idern
611 1001 641 1054 et
655 992 846 1054 celetizontas
858 1011 980 1073 pueros,
995 990 1086 1054 Chao-

81 1094 150 1137 reas
173 1075 372 1137 Alexandrum
397 1075 530 1156 llagnum
553 1086 582 1138 et
604 1077 766 1157 Philippum
787 1087 898 1158 patrem
919 1081 982 1140 eius
1003 1079 1085 1155 lecit,

50 1161 150 1239 tollii]
176 1157 323 1221 ctesilaus
347 1160 536 1240 doryphoron
559 1171 589 1223 et
607 1162 783 1223 Amazonem
804 1162 990 1224 vulneratam.
1026 1162 1082 1224 De·
1093 1170 1127 1228 76

80 1246 206 1306 metrius
217 1243 407 1323 Lysimachen
419 1265 492 1325 quae
504 1246 643 1308 sacerdos
655 1245 803 1309 llinervae
815 1245 979 1308 iuitthlll
991 1249 1083 1326 annis,

81 1329 159 1390 idem
178 1338 211 1391 et
226 1329 385 1391 Minervam
408 1347 481 1408 quaa
503 1333 624 1408 myctica
647 1330 811 1410 appellatur
829 1367 871 1377 —
892 1332 1033 1394 dracones
1055 1333 1085 1392 in

83 1414 227 1492 Gorgone
249 1413 367 1475 eiusad
389 1416 462 1475 ictus
485 1415 613 1476 citharae
634 1416 737 1475 tinnitu
767 1424 907 1477 resonant
932 1451 986 1494 -,
1008 1417 1084 1478 idem

82 1499 214 1576 equitem
230 1497 386 1560 Semonem
399 1500 446 1577 qui
463 1501 571 1578 primns
587 1500 623 1560 de
638 1501 768 1579 equitatu
783 1501 908 1578 scripsit.
938 1499 1083 1562 Daedalus

51 1585 191 1662 metipso
205 1583 282 1644 inter
293 1584 412 1645 lictores
425 1582 553 1644 laudatus
566 1602 675 1663 pueros
691 1584 764 1645 duos
776 1583 985 1664 destringentis
997 1604 1031 1646 se
1042 1586 1084 1645 ie·

81 1669 139 1745 cit,
156 1667 335 1729 Dinomenes
349 1667 540 1728 Protesilaum
554 1677 583 1729 et
593 1668 801 1747 Pythodemum
816 1668 994 1730 luctatorem.
1018 1670 1125 1750 [16177

85 1748 286 1831 Euphranoris
298 1751 467 1814 Alexander
479 1752 560 1813 Paris
572 1762 630 1832 est,
648 1756 678 1814 in
690 1771 747 1832 quo
760 1752 889 1814 laudatur
901 1753 978 1832 quod
990 1755 1083 1816 omnia

83 1836 167 1896 simul
184 1837 410 1916 intellegantur,
424 1836 512 1898 iudex
527 1837 660 1916 dearum,
676 1846 785 1900 amator
797 1835 927 1899 llelenae
943 1847 972 1899 et
989 1848 1083 1900 tamen

83 1920 208 1981 Achillis
231 1921 412 1982 interfector.
446 1920 529 1982 huius
551 1931 597 1983 est
610 1921 740 1984 llinerva
756 1920 866 1982 llonrae
887 1941 961 2001 qnae
979 1923 1084 1985 dicitur

53 2021 75 2063 ao
84 2003 247 2084 Catuliana,
262 2006 336 2066 inira
353 2003 526 2085 Capitolium
540 2024 556 2068 a
568 2003 602 2078 Q.
615 2004 728 2067 Lutatio
740 2006 844 2083 dicata,
860 2014 889 2068 et
902 2007 1082 2072 simulacrum

82 2089 155 2149 Doni
172 2087 323 2167 Eventus,
350 2089 452 2151 dextra
468 2098 612 2169 pateram,
634 2092 751 2152 sinistra
767 2091 875 2170 spicam
890 2109 923 2152 ac
938 2109 1082 2172 papavera

84 2182 205 2252 tenens,
226 2175 296 2234 item
311 2173 420 2235 hatona
439 2191 584 2254 puerpera
600 2174 766 2254 Apollinem
784 2184 814 2236 et
830 2174 948 2236 Dianam
966 2176 1081 2236 infantis

83 2259 230 2318 sustinens
251 2260 281 2319 in
302 2258 378 2320 aede
394 2256 585 2320 Concordiae.
620 2259 691 2320 iecit
713 2268 742 2320 et
761 2260 913 2338 quadrigas
935 2261 1077 2340 higasque
1089 2266 1124 2323 78

84 2352 111 2403 et
127 2342 248 2403 cliticon
265 2343 370 2404 eximia
385 2342 477 2404 iorma
485 2385 496 2421 ,
512 2353 542 2404 et
558 2341 704 2404 Virtutem
719 2352 750 2405 et
762 2339 928 2422 Graeciam,
944 2353 1081 2423 utrasque

53 2443 74 2484 a
83 2426 265 2505 colossaeas,
281 2426 432 2488 mulierem
445 2427 630 2488 admirantem
642 2436 673 2488 et
684 2427 862 2505 adorantem,
873 2430 943 2488 item
955 2428 1081 2488 Alexan·

83 2511 162 2572 drum
188 2520 219 2573 et
239 2511 402 2592 Philippum
428 2514 457 2573 in
480 2511 639 2591 quadrigis.
678 2510 856 2589 Eutychides
882 2509 1036 2589 Eurotam,
1051 2514 1081 2572 in

83 2614 139 2675 qno
162 2606 255 2658 artem
276 2598 343 2676 ipso
366 2615 447 2658 amne
471 2596 655 2676 liquidiorem
676 2596 797 2676 plurumi
820 2596 930 2657 dixere.
969 2594 1079 2675 llegiae

4 2726 8 2737 .
82 2679 212 2742 hlinerna
230 2680 416 2760 Pyrrhusque
435 2700 489 2742 ren
506 2681 653 2760 landatur,
676 2689 706 2743 et
723 2680 917 2742 celetizontes
933 2684 1031 2761 pueri,
1050 2690 1080 2743 et

84 2761 188 2826 Castor
203 2783 238 2826 ac
253 2765 358 2827 Pollux
372 2774 439 2827 ante
457 2765 558 2828 aedem
571 2767 649 2828 loris
664 2767 808 2843 tonantis,
823 2763 968 2845 llagesiae
982 2769 1011 2826 in
1026 2766 1078 2828 Pa·
1087 2774 1122 2834 79

54 2851 126 2913 torio
144 2849 261 2911 colonia
275 2849 433 2926 Hercules,
449 2849 551 2912 lsidoti
566 2850 713 2928 huthytes.
751 2849 815 2930 {171
830 2848 935 2928 Lycius
950 2849 1079 2929 llyronis

83 2932 240 3013 discipulus
256 2934 320 3013 luit,
337 2936 385 3013 qni
400 2935 471 2996 iecit
486 2934 601 3014 dignum
616 2942 810 3015 praeceptore
827 2952 948 3014 puerum
963 2934 1080 2996 suldan-

83 3026 139 3078 tem
157 3018 310 3097 languidos
325 3020 402 3098 ignis
422 3027 452 3081 et
467 3020 670 3098 Argonautas,
690 3017 856 3081 Leochares
874 3019 997 3098 aquilam
1016 3039 1080 3082 sen·

85 3103 204 3163 tientem
220 3103 288 3182 quid
303 3105 396 3183 rapiat
413 3105 443 3165 in
458 3101 623 3184 Ganymede
644 3113 674 3166 et
696 3103 834 3164 arriserat
853 3113 1079 3184 parcentemque

84 3187 227 3266 unguibus
248 3189 334 3250 etiam
353 3206 405 3268 per
426 3197 540 3251 restem
556 3207 668 3268 puero,
689 3187 862 3264 Autolycum
880 3191 1018 3267 pancratii
1040 3191 1079 3248 vi-

8 3288 12 3300 ·
55 3279 194 3333 auctorem
216 3281 339 3352 propter
366 3291 451 3352 quern
470 3271 637 3354 Xenophon
664 3273 840 3352 symposium
871 3274 1007 3352 scripsit,
1034 3271 1080 3334 lo·

85 3374 205 3435 remque
220 3356 299 3418 illurn
314 3365 461 3420 tonantem
473 3360 502 3419 in
519 3355 665 3437 Capitolio
680 3366 747 3420 ante
773 3365 875 3418 cuncta
896 3356 1078 3434 laudabilem,

2 3499 3 3514 ,
86 3440 152 3502 item
169 3440 335 3521 Apollinem
350 3441 556 3520 diadematum,
577 3441 727 3520 lyciscum
747 3458 936 3520 mangonem,
959 3457 1079 3521 puerum

87 3525 225 3588 subdolae
240 3544 275 3586 ac
289 3526 402 3588 fucatae
420 3525 603 3602 vernilitatis‚
619 3525 723 3604 Lycius
739 3525 848 3603 etipse
865 3543 984 3604 puerum
1000 3522 1078 3585 suld-
