2468 3896
163 207 202 271 32
508 217 538 266 o.
551 217 648 264 aurun
664 215 815 264 suenum

163 375 283 453 proprie
298 373 380 432 limus
402 379 455 433 est.
495 380 640 450 optumum
662 389 701 432 ex
721 387 758 431 eo
780 369 857 448 quod
879 369 1006 430 Atticum
1029 378 1171 448 vocatur,

163 459 287 537 pretium
302 461 331 518 in
348 455 446 536 pondo
464 455 553 517 libras
569 455 597 516 X
612 469 657 534 11,
674 473 844 535 proxumum
858 471 1066 515 marmorosum
1082 454 1173 515 dimi-

121 543 231 608 159dio
249 541 339 602 Attici
361 542 469 620 pretio.
510 541 626 602 tertium
649 559 741 618 genus
764 547 810 600 est
831 557 980 618 pressum,
1011 539 1088 616 quod
1113 539 1171 600 alii

163 626 310 703 Scyricum
323 632 437 702 vocant,
451 643 489 685 ex
499 624 592 684 insula
604 623 708 701 Scyro,
721 627 776 683 iam
789 630 818 683 et
831 621 995 700 exAcbaia,
1009 640 1065 700 quo
1077 630 1172 684 utun·

163 721 209 770 tur
227 711 262 770 ad
279 711 409 788 picturae
428 709 561 786 umbras,
584 710 708 786 pretium
727 709 755 767 in
775 707 864 767 libras
879 705 936 766 HS.
953 707 1031 784 bini,
1051 707 1198 786 dupons

162 795 216 855 diis
233 812 305 854 vero
318 795 456 854 detractis
468 792 545 871 quod
557 793 680 854 lucidum
697 801 832 853 vocante
848 790 938 851 Gallia
954 793 1086 852 veniens.
1104 791 1170 852 hoc

162 887 256 939 antem
272 885 301 936 et
317 877 415 937 Attico
433 877 467 938 ad
482 877 587 937 lumina
603 885 736 954 utuntur,
758 877 793 936 ad
811 876 918 936 abacos
934 893 992 935 non
1014 877 1069 935 nisi
1086 895 1169 936 mar-

161 980 300 1039 moroso,
323 963 456 1040 quoniam
476 980 601 1022 marmor
620 963 649 1020 in
673 979 710 1022 eo
732 962 845 1021 resistit
864 958 1042 1031 amaritudini
1061 960 1166 1021 calcis.

162 1045 298 1107 effoditur
310 1053 340 1106 et
355 1045 390 1106 ad
401 1044 464 1106 XX.
478 1047 514 1106 ab
529 1047 602 1111 urbe
618 1045 743 1125 lapidem
758 1047 786 1105 in
802 1045 960 1104 montibus.
984 1052 1090 1123 postea
1102 1046 1168 1104 uri·

162 1139 207 1190 tur
230 1148 364 1209 pressum
384 1130 598 1208 appellantibus
620 1133 668 1208 qui
690 1129 862 1190 adulterant.
904 1127 956 1188 sed
975 1147 1042 1188 esse
1056 1127 1167 1189 falsum
1180 1151 1211 1192 ro

162 1223 352 1292 exustumque
375 1215 563 1274 amaritudine
591 1215 711 1292 adparet
735 1224 765 1274 et
788 1215 921 1291 quoniam
944 1213 1104 1274 resolutum
1129 1215 1166 1274 in

121 1308 172 1364 160
183 1299 334 1377 pulverem
357 1307 413 1360 est.
451 1297 512 1359 Sile
536 1300 661 1377 pingere
688 1300 842 1359 instituere
870 1298 953 1375 primi
976 1296 1166 1374 Polygnotus

163 1391 191 1442 et
204 1381 318 1461 llicou,
340 1382 438 1443 Attico
460 1383 613 1444 dumtaxat.
650 1391 750 1443 secuta
765 1389 845 1442 aetas
863 1381 919 1442 hoc
937 1381 972 1440 ad
987 1381 1090 1440 lumina
1107 1401 1167 1442 usa

161 1475 224 1544 est,
246 1468 281 1527 ad
300 1467 414 1528 umbras
437 1475 531 1529 autem
552 1466 671 1544 Scyrico
691 1475 720 1527 et
739 1465 842 1543 Lydio.
877 1463 996 1542 Lydium
1019 1464 1164 1526 Sardibus

161 1551 327 1628 emebatur,
342 1550 419 1629 quod
434 1570 507 1617 nunc
524 1552 674 1611 obmutuit.
1180 1576 1208 1616 15

119 1647 167 1700 161
247 1637 294 1696 13.
319 1635 399 1714 (57.)
430 1633 602 1697 Caeruleum
627 1635 734 1695 harena
756 1643 812 1695 est.
849 1633 932 1694 huius
961 1651 1072 1710 genera
1102 1635 1164 1694 tria

159 1719 243 1778 luere
259 1721 432 1796 antiquitus:
457 1719 635 1797 Aegyptium
653 1737 783 1779 maxume
801 1719 970 1797 probatum,
992 1716 1164 1794 Scythicum

159 1802 272 1863 -hoc
287 1801 403 1862 diluitur
421 1802 506 1862 facile
527 1810 574 1879 et,
593 1820 656 1863 cum
670 1805 792 1881 teritur,
815 1805 844 1862 in
862 1801 917 1862 llll
933 1801 1051 1862 colores
1068 1810 1164 1862 muta-

160 1895 223 1964 tur,
239 1886 433 1946 candidiorem
448 1888 642 1964 nigrioremve
656 1896 686 1948 et
699 1889 873 1948 crassiorem
888 1888 1087 1947 tenuioremve
1102 1921 1162 1964 —,

160 1973 325 2049 praefertur
339 1970 405 2031 huic
423 1972 583 2032 etiamnunc
600 1970 747 2050 Cyprium.
769 1972 894 2032 accessit
907 1970 951 2030 his
967 1969 1162 2031 Puteolanum
1173 1993 1204 2036 ao

161 2062 191 2114 et
208 2054 418 2133 Hispaniense,
438 2054 546 2115 harena
568 2056 608 2115 ibi
625 2057 727 2116 confici
751 2063 866 2135 coepta.
904 2055 1043 2134 tinguitur
1060 2063 1162 2116 autern

161 2156 245 2198 omne
261 2147 290 2198 et
308 2141 337 2199 in
352 2157 403 2199 sua
418 2141 552 2217 coquitur
568 2139 660 2200 herba
674 2141 807 2226 bibitque
823 2158 930 2200 sucum.
959 2139 1071 2217 reliqua
1087 2157 1162 2199 con-

118 2232 168 2287 162
180 2223 289 2283 lectura
306 2223 406 2283 eadem
422 2241 496 2301 quae
512 2223 724 2300 chrysocollae.
755 2223 801 2284 llx
815 2224 951 2284 caeruleo
967 2224 998 2282 sut
1013 2223 1090 2300 quod
1105 2241 1162 2283 vo·

160 2317 240 2368 catur
260 2307 432 2384 lomentum,
454 2308 603 2387 perficitur
621 2309 650 2368 id
665 2309 785 2370 lavando
807 2309 997 2386 terendoque.
1034 2307 1089 2367 boc
1108 2318 1161 2368 cst

159 2391 296 2452 caeruleo
317 2391 474 2452 candidius.
510 2393 604 2470 pretia
627 2395 689 2453 eius
709 2393 776 2453 XX
796 2395 825 2453 in
847 2392 954 2469 libras,
978 2391 1105 2451 caerulei
1128 2389 1203 2454 Xan

159 2490 232 2537 v111.
260 2496 329 2536 usus
347 2477 376 2534 in
392 2484 489 2552 creta,
510 2476 597 2536 calcis
617 2479 771 2556 inpatiens.
802 2495 894 2554 nuper
909 2478 1033 2536 accessit
1051 2485 1080 2535 et
1094 2475 1160 2536 Ve-

159 2562 316 2621 storianum
332 2560 367 2619 ab
386 2569 503 2620 auctore
519 2561 703 2638 appellatum.
741 2562 772 2621 lit
794 2581 832 2622 ex
848 2560 988 2638 Aegyptii
1005 2560 1159 2622 levissima

159 2653 261 2722 parte,
284 2645 407 2722 pretium
432 2646 494 2703 eius
510 2646 539 2704 in
554 2645 643 2705 libras
658 2644 686 2705 X
701 2661 724 2706 1.
764 2645 839 2706 idern
857 2654 887 2706 et
902 2644 1053 2704 Puteolani
1071 2663 1158 2723 usus,

119 2739 169 2794 163
180 2736 356 2807 praeterque
380 2729 415 2788 ad
443 2728 604 2807 fenestras,
632 2730 718 2807 cylon
739 2738 854 2791 vocant.
887 2727 951 2789 Non
974 2728 1084 2808 pridem
1106 2729 1161 2789 ad-

159 2813 269 2892 portari
286 2820 316 2872 et
331 2810 458 2871 Indicum
473 2822 609 2892 coeptum
628 2823 674 2874 est
682 2858 691 2893 ,
708 2817 788 2875 cuins
804 2816 928 2894 pretium
943 2813 1045 2873 XV11.
1077 2815 1159 2876 ratio
1172 2840 1202 2882 30

157 2899 187 2956 in
207 2898 318 2974 pictura
341 2895 376 2956 ad
401 2897 559 2976 incisuras,
582 2898 639 2959 hoo
660 2908 705 2958 est
727 2900 841 2959 umbras
864 2897 1030 2958 dividendas
1050 2897 1085 2958 ab
1112 2898 1160 2958 lu-

157 2983 243 3041 mine.
274 2979 328 3040 Est
344 2989 373 3040 et
391 2981 559 3042 vilissimum
574 3001 667 3061 genus
683 2983 815 3060 lomenti,
832 2981 910 3062 quod
924 2984 1021 3043 tritum
1035 2992 1159 3062 vocant,

157 3066 251 3142 quinis
274 3065 388 3125 assibus
409 3068 600 3128 aestimatum.
637 3065 771 3129 Caerulei
792 3069 899 3128 sinceri
925 3067 1161 3146 experimentum

156 3151 186 3209 in
203 3149 330 3208 carbone
346 3158 377 3208 ut
402 3149 518 3228 llagret,
539 3152 617 3212 fraus
640 3153 718 3213 viola
740 3152 818 3212 arida
836 3151 957 3212 decocta
973 3153 1002 3210 in
1018 3169 1090 3228 aqua
1106 3171 1159 3211 su-

157 3251 251 3310 coque
272 3250 326 3310 per
344 3233 462 3293 linteum
480 3254 622 3313 expresso
638 3238 666 3297 iu
681 3245 788 3298 cretam
803 3235 957 3296 Eretriam.
990 3237 1034 3296 vis
1050 3237 1080 3295 iu
1094 3255 1159 3296 me·
1170 3265 1200 3310 35

157 3315 249 3377 diciua
264 3325 295 3375 ut
312 3326 417 3396 purget
435 3318 540 3380 ulcera.
576 3322 673 3400 itaque
690 3330 720 3382 et
738 3321 902 3399 emplastris
917 3321 1058 3396 adiciunt,
1080 3322 1159 3384 item

115 3410 166 3464 164
176 3401 320 3461 causticis.
353 3403 457 3461 teritur
472 3411 566 3464 autem
583 3405 750 3466 difficillime
768 3405 811 3465 sil.
843 3408 872 3464 in
885 3403 1027 3466 medendo
1044 3404 1160 3469 leniter

155 3485 268 3546 mordet
287 3486 498 3564 adstringitque
520 3496 549 3548 et
573 3490 672 3569 explet
694 3491 802 3551 ulcera.
837 3491 929 3550 uritur
950 3492 980 3550 in
1002 3489 1157 3572 fictilibus,
