2510 3898
327 176 408 224 unu.
426 175 517 225 nrsu.
533 175 638 223 xxxv.
653 171 764 227 15-17
787 163 937 242 (en-57.)
1065 165 1122 228 103

113 334 236 412 guinem
249 333 472 412 exspuentibus,
485 331 709 412 emplastrisque
718 350 793 411 quae
810 332 936 393 siccandi
954 350 1040 394 causa
1055 351 1123 394 con·

113 426 277 498 ponuntur,
294 417 443 478 oculorum
461 435 577 496 quoque
592 417 809 478 medicamentis
823 417 990 479 miscentur.

178 500 260 584 (54.)
273 499 389 562 Eretria
401 502 522 563 totidem
536 501 717 563 differentias
730 501 828 578 habet,
845 519 968 581 namque
980 511 1027 563 est
1039 503 1104 564 alba
1116 514 1166 570 192

115 596 148 648 ct
164 587 295 665 cinerea,
312 604 386 665 quae
402 587 567 666 praefertur
582 588 612 647 in
626 586 776 648 medicina.
803 585 944 664 probatur
957 587 1078 648 mollitia
1094 597 1124 648 et

90 670 215 752 equod,
237 673 262 730 si
281 691 351 733 aere
374 671 563 753 perducatur,
582 671 734 734 violacium
749 670 845 732 reddit
860 671 999 732 colorem.
1032 674 1124 733 viset

113 757 194 817 ratio
213 757 277 816 eius
292 758 322 818 iu
336 756 478 818 medendo
494 755 571 817 dicta
587 765 634 818 est
646 757 725 817 inter
737 758 894 835 pigmenta.
1134 775 1157 810 aa

177 838 259 922 (55.)
276 838 401 902 Lavatur
422 843 514 903 omnis
530 849 609 902 terra
626 877 661 886 -
683 842 712 901 in
727 839 783 902 hoc
800 841 877 903 enim
891 841 958 902 loco
974 840 1102 902 dicemus
1116 850 1167 905 19³

113 961 160 974 -
177 925 295 1005 perlusa
318 944 392 1005 aqua
407 927 574 1004 siccataque
589 926 719 1004 solibus,
740 927 846 988 iterum
862 944 901 987 ex
918 944 991 1005 aqua
1007 926 1074 986 trita
1090 943 1124 986 ao

114 1011 269 1090 reposita,
287 1011 383 1072 donec
396 1011 528 1073 considat
542 1019 573 1071 et
588 1011 684 1089 digeri
702 1011 798 1090 possit
813 1011 843 1071 in
858 1011 1003 1090 pastillos.
1025 1011 1124 1090 coqui·

0 1148 1 1167 ,
81 1110 107 1152 so
116 1104 166 1156 tur
179 1097 210 1154 in
226 1094 365 1155 calicibus
382 1095 488 1156 crebro
505 1098 664 1157 concussis.

0 1178 1 1253 J
183 1179 267 1262 (56.)
283 1178 338 1240 llst
357 1180 386 1240 iu
402 1179 637 1241 medicaminibus
654 1186 684 1240 et
701 1176 773 1240 cura
791 1187 871 1240 terra
887 1179 1050 1257 candicans,
1067 1180 1167 1245 ei·194

0 1260 1 1295 l
116 1266 215 1327 iectus
232 1263 363 1325 eiusdem
377 1266 427 1344 qui
435 1264 556 1326 Samiae.
581 1283 650 1326 usus
662 1264 697 1325 ad
712 1263 864 1325 mulierum
873 1281 1003 1324 maxume
1018 1272 1124 1341 cutem,

116 1349 196 1410 idem
218 1357 248 1410 et
265 1348 438 1411 Selinusiae.
472 1349 559 1411 lactei
580 1348 690 1410 eoloris
706 1357 752 1410 est
767 1348 840 1409 baec
858 1356 888 1408 et
902 1366 975 1426 aqua
992 1347 1061 1408 dilui
1077 1366 1125 1408 ee·

116 1433 255 1511 lerrims,
280 1433 381 1496 eadem
403 1435 479 1495 lacte
501 1433 591 1495 diluta
609 1435 802 1494 tectoriorum
821 1431 930 1492 albaria
947 1431 1124 1511 interpolan-

1 1575 2 1582 ,
83 1535 107 1578 rs
117 1528 177 1580 tur.
222 1517 347 1597 Pnigitis
370 1518 504 1580 Eretriae
529 1518 672 1580 simillima
694 1526 757 1596 est,
783 1516 988 1596 grandioribus
1018 1525 1125 1577 tantum

116 1602 235 1682 glaebis
252 1603 476 1684 glutinosaque,
495 1603 618 1665 effectus
635 1605 697 1665 eius
714 1602 790 1664 idem
805 1603 853 1680 qui
870 1599 1026 1679 Cimoliae,
1048 1601 1124 1662 iniir-

116 1690 321 1749 miortantum.
344 1686 477 1746 Bitumini
489 1688 632 1750 simillima
649 1697 696 1750 est
713 1687 867 1767 ampelitis.
894 1688 1125 1765 experimentum

118 1775 203 1852 eius,
224 1773 356 1834 sicerae
377 1772 463 1835 modo
484 1783 605 1854 accepto
628 1773 696 1835 oleo
718 1773 863 1852 liquescat
885 1779 915 1832 et
933 1771 957 1832 si
978 1772 1124 1849 nigricans

117 1857 204 1919 colos
226 1865 340 1919 mancat
361 1866 466 1920 tostae.
496 1877 565 1920 usus
586 1859 621 1920 ad
636 1857 823 1920 molliendum
844 1855 1124 1934 discutiendumque,

0 2010 1 2021 ἵ
85 1959 110 2001 20
123 1943 154 1994 et
169 1935 205 1994 ad
220 1936 293 1997 hacc
304 1940 521 2005 medicamentis
537 1938 665 2024 additur,
683 1944 841 2024 praecipue
860 1943 888 2002 in
906 1940 1121 2020 calliblepharis

108 2027 155 2082 ,et
171 2020 334 2082 inficiendis
353 2028 473 2103 capillis.
1016 2029 1019 2036 '

185 2111 234 2170 17.
254 2109 336 2191 (57.)
353 2107 460 2173 Cretae
475 2111 558 2190 plura
575 2127 694 2188 genera.
724 2128 762 2170 ex
784 2109 821 2168 iis
839 2105 979 2170 (lim'oliae
995 2107 1052 2168 dno
1070 2107 1167 2174 ad195

118 2194 252 2255 medicos
269 2197 462 2275 pertinentia,
482 2194 631 2256 candidum
651 2203 682 2256 et
703 2194 737 2255 ad
757 2195 957 2273 purpurissum
972 2193 1123 2253 inclinans.

118 2279 165 2339 vis
190 2281 308 2358 utrique
336 2279 371 2341 ad
396 2280 594 2342 discutiendos
622 2288 768 2355 tumores,
800 2278 945 2339 sistendas
971 2277 1124 2338 ductiones

86 2372 206 2424 asaceto
224 2363 386 2444 adsumpto.
424 2382 516 2444 panos
536 2381 653 2444 quoque
670 2373 700 2424 et
716 2361 862 2442 parotidas
881 2361 1002 2422 cohibet
1023 2369 1053 2422 et
1073 2362 1126 2422 lie·

1 2501 2 2506 ,
94 2437 102 2456 ”
118 2466 185 2510 uem
202 2448 284 2509 inlita
296 2449 490 2529 pusulasque,
507 2451 531 2510 si
548 2466 622 2510 vero
634 2447 832 2527 aphronitrum
848 2454 878 2506 et
892 2464 1011 2525 cyprum
1022 2445 1126 2511 adicia-

1 2523 2 2536 ’
119 2541 166 2594 tur
179 2541 210 2594 et
221 2542 352 2612 acetum,
365 2535 469 2615 pedum
484 2542 629 2611 tumores,
647 2535 730 2593 itaut
744 2533 773 2591 in
788 2531 853 2592 sole
866 2531 977 2592 curatio
993 2530 1065 2591 haec
1077 2530 1126 2591 liat

120 2626 232 2698 etpost
244 2637 299 2680 sex
312 2617 400 2680 horas
413 2637 486 2698 aqua
501 2618 577 2679 salsa
589 2617 730 2679 abluatur.
751 2617 869 2676 testium
881 2615 1041 2682 tumoribus
1056 2633 1104 2693 cp·
1118 2623 1168 2682 196

1 2748 2 2755 .
120 2720 176 2781 pro
193 2711 223 2763 et
234 2721 304 2764 cera
315 2705 355 2766 ita
367 2704 461 2765 addita
474 2702 606 2782 prodest.
640 2709 671 2762 et
685 2700 879 2780 refrigerandi
890 2718 1007 2779 quoque
1023 2709 1125 2761 natura

86 2805 111 2848 ao
121 2796 222 2849 cretae
236 2796 295 2866 est,
311 2789 494 2867 sudoresque
509 2786 669 2848 inmodicos
685 2787 763 2848 sistit
773 2784 865 2863 inlita,
882 2793 969 2864 atque
981 2786 1023 2844 ita
1038 2803 1126 2864 papu-

0 2884 1 2903 ³
120 2873 163 2933 las
180 2872 303 2934 cohibet
321 2892 362 2936 ex
377 2876 444 2935 vino
464 2873 613 2953 adsumpta
630 2873 660 2932 in
678 2870 810 2932 balineis.
845 2869 976 2930 landatur
994 2887 1125 2930 maxume

121 2956 300 3020 Thessalica.
319 2961 447 3021 nascitur
462 2966 493 3019 et
507 2958 537 3017 iu
554 2955 641 3034 Lycia
658 2957 735 3019 circa
745 2954 903 3016 Bubonem.
935 2951 989 3013 Est
1005 2961 1035 3014 et
1052 2952 1126 3014 alius

122 3039 265 3105 Cimoliae
282 3063 351 3106 usus
375 3046 405 3105 in
423 3043 565 3105 vestibus.
601 3059 665 3102 nam
681 3040 770 3102 Sarda
791 3057 865 3120 quae
881 3038 1011 3099 adfertur
1026 3057 1042 3099 e
1061 3037 1127 3098 Sar·

122 3127 198 3189 dinia
220 3129 348 3190 candidis
371 3138 479 3191 tantum
500 3127 675 3205 adsumitur,
696 3124 806 3186 inutilis
822 3123 1070 3201 versicoloribus,
1096 3131 1126 3183 et

0 3279 1 3294 ,
89 3223 113 3264 ³⁵
126 3221 171 3274 cst
188 3213 330 3276 uilissima
346 3216 471 3275 omnium
486 3210 626 3274 Cimoliae
639 3228 797 3290 generum,
814 3209 976 3288 pretiosior
992 3206 1127 3269 Umbrica

124 3305 153 3357 et
169 3315 254 3377 quam
272 3307 378 3360 vocant
395 3317 502 3361 saxum.
533 3298 699 3377 proprietas
715 3295 777 3356 saxi
792 3293 870 3373 quod
888 3295 995 3354 crescit
1010 3294 1039 3353 io
1054 3296 1167 3356 malli

125 3384 268 3461 cenando,
289 3393 377 3463 atque
394 3377 525 3464 pondere
540 3383 660 3460 emitur,
676 3380 725 3440 illa
740 3397 884 3440 mensura.
915 3376 1049 3437 Umbrica
1067 3393 1126 3435 non

125 3469 179 3528 nisi
195 3468 342 3548 poliendis
358 3468 491 3531 vestibus
513 3467 679 3529 adsumitur.
711 3482 808 3543 neque
831 3464 908 3523 enim
922 3460 1037 3541 pigebit
1055 3458 1126 3516 hanc
