2510 3898
134 241 193 304 101
485 249 791 300 amorrhaeoorum

135 411 248 490 qnidam
265 411 328 471 eius
343 408 447 489 lapidis
465 409 494 468 in
511 425 638 487 spumam
653 404 831 484 coagulatus.
859 403 915 466 hoc
930 421 1024 483 genus
1040 402 1141 464 alumi·

133 496 178 556 nis
195 495 286 555 miuus
308 496 397 555 siccat
412 494 563 573 minusque
581 493 658 551 sistit
677 505 807 551 umorem
821 489 951 550 inutilem
971 505 1139 568 corporum,

135 587 165 639 et
188 579 305 640 auribus
329 597 510 658 magnopere
531 575 654 656 prodest
675 575 799 637 inlusum
820 573 869 634 vel
891 574 1003 635 inlitum
1025 582 1056 634 et
1077 575 1139 633 oris

134 663 282 724 ulceribus
298 663 509 742 dentibusque,
525 663 549 722 si
568 661 658 723 salira
674 677 737 720 cnm
753 676 790 719 eo
805 659 1005 737 contineatur,
1023 667 1053 719 et
1071 675 1141 718 ocu·

134 746 228 808 lorum
251 746 468 809 medicamentis
493 747 632 807 inseritur
660 752 728 824 apte
761 744 957 825 verendisque
987 745 1165 822 utriusques

92 839 143 898 187
157 851 255 894 sexus.
290 834 425 912 coquitur
444 832 474 891 in
490 831 594 893 catinis
610 831 705 891 donec
727 828 830 908 liquari
851 829 975 891 desinat.
1014 827 1140 888 luertio-

135 917 176 976 ris
191 925 237 976 est
251 916 373 977 alterum
388 917 508 994 generis
522 916 600 995 qnod
615 913 788 994 strongylen
803 922 916 975 vocant.
939 914 1013 975 dnae
1029 921 1059 974 et
1074 912 1139 973 eins

136 1002 271 1080 species,
295 1001 450 1079 fungosum
469 1009 555 1080 atque
579 1002 655 1062 omui
677 1016 778 1061 umore
796 998 865 1060 dilui
885 998 990 1077 facile,
1017 996 1093 1078 quod
1110 998 1141 1056 in

135 1093 227 1145 totum
248 1085 405 1146 damnatur.
442 1085 546 1146 melius
574 1086 752 1164 pumicosum
779 1091 809 1144 ct
837 1085 1007 1145 foraminum
1033 1082 1140 1142 listulis

135 1186 286 1248 spongeae
303 1169 397 1231 simile
414 1170 624 1249 rotundumque
641 1179 758 1246 natura,
775 1168 897 1231 candido
912 1169 1052 1248 propius,
1076 1184 1140 1226 cnm
1152 1186 1179 1227 no

136 1254 257 1333 quadam
277 1255 495 1334 pinguitudine,
525 1256 589 1316 sinc
614 1255 747 1331 harenis,
768 1254 901 1333 friabile,
925 1271 980 1314 neo
1006 1252 1140 1313 inliciens

136 1339 263 1416 nigritia.
300 1338 357 1400 hoc
382 1341 516 1418 coquitur
537 1357 592 1418 per
608 1359 640 1400 sc
662 1338 838 1399 carbonibus
859 1339 939 1419 puris
955 1337 1050 1399 donec
1066 1337 1139 1396 cinis

93 1422 219 1488 1881111.
244 1422 396 1502 Optumum
412 1442 450 1485 ex
465 1424 596 1485 omnihus
614 1423 692 1502 quod
707 1421 844 1484 hlelinnm
859 1431 965 1484 vocant
982 1422 1017 1483 ab
1034 1420 1140 1497 insula,

94 1515 168 1566 amnt
189 1507 320 1570 diximus.
354 1508 424 1568 nulli
443 1510 488 1569 vis
503 1510 595 1569 maior
618 1527 713 1588 neque
731 1507 928 1587 adstringendi
946 1525 1043 1586 neque
1060 1505 1140 1566 deni·

135 1591 237 1668 grandi
252 1610 348 1672 neque
364 1591 525 1671 indurandi,
543 1592 650 1653 nullum
663 1593 797 1672 spissius.
822 1593 971 1654 oculorum
986 1590 1140 1653 scabritias
1151 1612 1177 1652 15

137 1685 293 1753 extenuat,
315 1677 494 1738 combustum
514 1677 612 1737 utilius
634 1678 786 1756 epiphoris
801 1677 983 1754 inhibendis,
999 1677 1042 1736 sic
1059 1673 1141 1736 etad

137 1761 264 1837 pruritus
279 1762 424 1839 corporis.
448 1762 617 1839 sangninem
628 1779 745 1840 quoque
760 1762 838 1824 sistit
853 1763 930 1822 intus
938 1769 1052 1841 potum,
1066 1760 1140 1821 ioris

137 1842 257 1902 inlitum.
293 1844 384 1904 volsis
400 1844 468 1923 pilis
485 1863 524 1905 en
539 1854 624 1906 aceto
640 1845 769 1906 inlinitur
788 1848 1027 1925 renascentisqne
1046 1843 1141 1904 mollit

94 1935 146 1992 189
157 1928 186 1986 in
202 1927 376 2006 lanuginem.
393 1927 505 1989 Summa
522 1931 646 1989 omnium
660 1948 800 2009 generum
816 1933 858 1992 vis
877 1933 906 1991 iu
920 1929 1140 2008 adstringendo,

137 2011 212 2072 unde
237 2029 342 2073 nomen
358 2009 485 2074 Graecis.
513 2013 551 2074 ob
572 2013 601 2074 id
623 2014 773 2076 oculorum
794 2017 873 2076 uitiis
897 2016 1044 2095 aptissima
1063 2023 1176 2090 sunt,ao

138 2097 287 2174 sauguinis
305 2095 459 2157 ductiones
480 2097 611 2160 inhibent
633 2117 695 2159 cum
717 2099 811 2178 adipe.
842 2101 1039 2180 putrescentia
1060 2097 1139 2159 ulce-

137 2199 199 2240 rum
214 2182 368 2259 conpescit
387 2199 449 2241 onm
465 2182 550 2262 adipe
571 2184 614 2243 sic
632 2191 662 2244 et
677 2184 825 2244 infantium
843 2184 942 2246 ulcera
957 2193 987 2246 et
1003 2183 1140 2261 hydropi-

138 2282 236 2325 corum
252 2267 423 2344 eruptiones
440 2267 530 2328 siccat
546 2277 576 2328 et
591 2270 700 2328 aurium
715 2269 785 2330 vitia
800 2287 863 2330 cnm
876 2286 946 2330 suco
958 2268 1057 2330 Punici
1073 2267 1138 2328 mali

139 2356 170 2409 ct
185 2350 321 2428 unguium
339 2350 491 2412 scabritias
517 2352 740 2433 cicatricumque
762 2353 882 2415 duritias
906 2362 936 2415 et
953 2354 1089 2433 pterygia
1107 2370 1140 2412 ac

137 2437 306 2513 perniones.
334 2433 539 2513 phagedaenas
554 2436 682 2498 ulcerum
698 2456 737 2498 ex
751 2447 835 2500 aceto
849 2447 897 2500 ant
910 2457 974 2499 cum
985 2437 1061 2515 galla
1076 2437 1138 2516 pari
1148 2463 1173 2504 25

138 2519 269 2597 pondere
294 2529 437 2598 cremata,
459 2521 557 2601 lepras
580 2540 644 2582 oum
666 2540 737 2583 suco
758 2523 886 2602 olerum,
902 2541 965 2584 cum
982 2521 1050 2583 salis
1066 2538 1138 2582 vero

137 2601 247 2662 duabus
261 2603 393 2681 partibus
409 2607 479 2666 vitia
495 2624 570 2685 quae
585 2617 718 2687 serpunt,
733 2607 835 2669 lendes
852 2616 882 2668 et
896 2607 952 2669 alia
969 2606 1139 2687 capillorum

96 2696 147 2752 190
159 2685 290 2747 animalia
313 2704 404 2766 aquae
420 2693 602 2768 permixtum.
633 2693 676 2754 sic
693 2700 723 2752 et
743 2692 882 2754 ambustis
899 2692 1022 2774 prodest
1037 2699 1067 2752 et
1081 2691 1139 2752 inr-

137 2771 249 2833 iuribus
266 2787 422 2849 corporum
439 2792 502 2835 cnm
519 2793 589 2838 sero
606 2779 689 2856 picis.
713 2777 872 2838 iniunditur
893 2786 924 2839 et
941 2777 1139 2854 dysintericis,

137 2873 219 2916 uvam
230 2873 349 2935 quoque
363 2858 393 2917 iu
409 2875 461 2920 ore
478 2864 632 2941 conprimit
646 2880 680 2924 ac
692 2863 835 2925 tonsillas.
859 2862 905 2925 Ad
918 2864 1011 2923 omnia
1022 2879 1097 2941 qnae
1110 2863 1139 2921 in
1149 2884 1174 2926 ao

137 2943 246 3002 ceteris
262 2943 423 3019 generibus
439 2945 561 3008 diximus
575 2948 722 3009 efficacius
737 2947 925 3026 intellegatur
945 2966 983 3008 ex
998 2945 1078 3008 hlelo
1092 2945 1139 3006 ad-

136 3034 268 3104 vectum,
290 3044 354 3086 nam
370 3028 405 3089 ad
419 3030 551 3110 reliquos
568 3051 637 3094 usus
655 3034 733 3094 vitae
752 3034 782 3093 in
797 3033 886 3094 coriis
905 3033 1037 3112 lanisque
1052 3031 1139 3111 perli-

96 3129 131 3165 sse
141 3110 251 3176 ciendis
266 3113 365 3190 quanti
381 3114 419 3174 sit
434 3119 571 3178 momenti
587 3118 780 3196 significatum
798 3125 852 3178 est.

94 3205 143 3260 191
212 3194 259 3256 16.
278 3195 362 3278 (53.)
379 3197 425 3259 Ab
438 3199 482 3262 his
498 3219 553 3281 per
566 3221 600 3264 se
615 3202 650 3263 ad
664 3201 835 3263 medicinam
848 3203 1025 3283 pertinentia
1040 3210 1139 3263 terrae

137 3297 248 3358 genera
275 3283 469 3345 tractabimus.
511 3285 623 3348 Samiae
644 3287 718 3348 dnae
745 3295 811 3348 sunt
834 3305 909 3367 quae
934 3286 1087 3364 collyrium
1110 3295 1173 3349 etas

137 3381 212 3444 quae
228 3371 308 3427 aster
325 3367 516 3446 appellantur.
548 3372 656 3450 prioris
672 3372 734 3432 lans
752 3380 784 3433 ut
798 3389 904 3434 recens
921 3373 959 3433 sit
974 3390 1009 3433 ac
1024 3371 1139 3432 lenissi-

136 3467 180 3510 ma
196 3448 373 3531 linguaeque
390 3452 548 3532 glutinosa,
565 3456 657 3518 altera
672 3456 855 3534 glaebosior,
871 3456 1001 3535 candida,
1017 3465 1138 3536 utraque

137 3535 248 3614 uritur,
269 3535 389 3598 lavatur.
418 3548 484 3601 suut
505 3541 553 3621 qui
572 3542 741 3621 praeierant
761 3543 898 3621 priorem.
931 3548 1053 3622 prosunt
1077 3558 1139 3603 san·
