2524 3910
281 239 362 288 usu.
384 241 474 289 msa.
497 242 631 291 xxxvn.
651 241 748 296 1213.
766 231 916 312 (tt-77.)
1040 235 1096 297 179

101 403 198 457 menta
210 395 342 475 pluribus
357 397 449 458 modis
465 405 616 476 constant,
637 399 758 477 primam
772 397 919 499 pondere,
942 403 1096 480 graviores

102 481 177 540 enim
194 489 260 540 sunt
277 499 382 559 verae,
405 482 472 543 dein
486 480 615 559 frigore,
638 483 758 542 eaedem
773 500 894 561 namque
910 486 939 544 in
955 503 1008 545 ore
1024 485 1097 562 geli·

101 564 200 625 diores
216 567 396 644 sentiuntur,
416 573 484 645 post
498 564 571 626 haec
585 584 721 645 corpore
750 568 863 628 ficticiis
877 569 979 646 pusula
998 588 1014 629 e
1029 586 1096 648 pro

100 647 187 709 inndo
211 648 348 728 adparet,
372 650 544 711 scabritia
536 669 565 709 ru
592 659 657 711 cute
682 660 712 713 et
732 650 947 730 capillamenta,
972 652 1095 730 fulgoris

78 733 309 812 sinconstautia,
324 735 404 813 prius
419 752 502 812 quam
517 733 552 794 ad
569 734 671 795 oculos
687 737 840 814 perveniat
855 736 992 796 desinens
1007 739 1094 796 nitor.

100 817 214 876 decussi
229 817 383 895 fragmenti
403 818 503 897 qnod
494 837 524 877 ιιι
539 816 604 879 lima
619 819 691 880 ferri
704 828 832 880 moratur
847 821 1076 880 efficacissimum
1087 831 1139 884 200

10 949 11 952 ,
100 902 330 979 experimentum
361 911 500 962 excusant
538 920 696 980 mangones
732 920 922 982 gemmarum,
961 913 1097 965 recusant

100 985 235 1046 similiter
256 994 287 1046 ct
307 985 392 1047 limae
415 986 627 1065 probationem.
670 987 808 1049 obsianae
828 989 989 1066 fragmenta
1009 1007 1095 1048 veras

10 1065 12 1144 f
98 1087 226 1146 gemmas
247 1087 305 1130 non
326 1070 507 1150 scariphant,
528 1073 558 1130 in
580 1072 693 1132 ficticiis
714 1071 889 1149 scariphatio
913 1074 1005 1132 omnis
1031 1090 1096 1132 can-

10 1193 11 1226 3
68 1153 182 1214 rodicat.
226 1154 281 1212 iam
308 1162 385 1215 tanta
410 1154 574 1215 dilierentia
599 1164 646 1216 est
673 1163 704 1214 ut
727 1154 801 1216 aliae
824 1156 904 1215 lerro
926 1156 1016 1235 scalpi
1039 1175 1096 1216 non

98 1238 231 1316 possint,
258 1237 332 1298 aliae
356 1255 414 1298 non
443 1240 499 1299 nisi
525 1248 664 1316 retunso,
693 1256 793 1299 omnes
819 1248 914 1300 antem
937 1240 1095 1300 adamante.

98 1321 260 1400 plurumum
279 1339 351 1383 vero
371 1325 401 1383 in
418 1324 453 1383 iis
469 1323 650 1383 terebrarum
661 1322 776 1402 proiicit
790 1323 899 1383 fervor.
930 1321 1095 1383 Gemmileri

10 1411 12 1478 ξ
98 1423 197 1466 amnes
219 1414 287 1465 sunt
306 1405 451 1468 Acesinus
476 1414 506 1467 et
528 1405 660 1485 Ganges,
691 1415 831 1466 terrarum
856 1414 951 1466 antem
972 1408 1095 1467 omnium

10 1495 13 1574 l
98 1507 230 1550 maxume
248 1487 338 1550 lndia.

66 1591 89 1630 rs
162 1574 244 1655 (77.)
260 1573 375 1634 Etenim
390 1575 517 1653 peractis
539 1573 670 1634 omnibns
686 1581 805 1634 naturae
821 1571 960 1652 operibns
978 1573 1134 1638 diceri-201

97 1677 164 1718 men
181 1658 322 1736 quoddam
342 1677 438 1720 rerum
459 1659 585 1736 ipsarum
606 1666 692 1736 atque
714 1666 856 1718 terrarum
874 1658 973 1720 iacere
989 1676 1097 1719 conve-

98 1744 170 1803 niet.
196 1741 277 1820 Ergo
294 1745 323 1802 in
340 1751 402 1804 toto
419 1743 503 1820 orbe,
519 1760 696 1821 quacumque
712 1741 786 1803 caeli
802 1743 971 1804 convexitas
986 1743 1095 1820 vergit,

97 1825 294 1906 pulcherrima
311 1829 434 1888 omnium
449 1835 496 1888 est
516 1829 546 1887 in
560 1827 709 1906 rebusque
725 1829 828 1888 merito
845 1828 1034 1906 principatum
1049 1845 1097 1886 na·
1160 1830 1162 1834 ’

10 1907 11 1966 ζ
99 1921 182 1971 tnrae
205 1913 318 1989 optinet
338 1911 439 1989 ltalia,
460 1913 571 1971 rectrix
594 1929 758 1990 parensque
777 1911 872 1971 mundi
895 1909 1003 1987 altera,
1024 1911 1095 1971 viris

10 1969 12 2026 ι
66 1996 233 2071 coleminis,
251 1994 386 2072 ducibus,
398 1994 554 2071 militibus,
573 1995 719 2073 servitiis,
736 1996 838 2055 artium
851 1996 1043 2073 praestantia,
1055 1995 1096 2054 in·

97 2080 252 2157 geniorum
272 2079 468 2156 claritatibus,
496 2081 551 2138 iam
574 2081 631 2138 situ
654 2096 688 2138 ac
713 2079 883 2140 salubritate
910 2079 984 2138 caeli
1007 2087 1094 2156 atque

98 2163 261 2242 temperie,
287 2181 408 2224 accessu
423 2171 586 2223 cunctarum
603 2163 732 2240 gentium
746 2163 841 2238 facili,
862 2164 1013 2241 portuosis
1030 2161 1095 2221 lito-

10 2279 12 2294 ·
99 2249 198 2324 ribus,
225 2247 353 2324 benigno
374 2255 525 2307 ventorum
546 2246 667 2322 adllatn,
695 2246 771 2324 qnod
799 2247 922 2323 contigit
948 2247 1095 2324 positione

10 2303 12 2424 ι
98 2333 324 2410 procurrentis'
316 2350 345 2391 m
361 2339 471 2410 partem
487 2330 665 2390 utilissimam
680 2338 710 2390 et
725 2331 802 2390 inter
819 2338 899 2390 ortus
915 2347 1095 2408 occasusque

10 2411 13 2490 ξ
67 2416 221 2476 ιιιιιιιιιιιιιι
228 2434 390 2494 ,aquarum
405 2423 504 2493 copia,
519 2431 667 2474 nemorum
674 2412 865 2506 salubritate,
880 2416 1016 2472 montium
1029 2414 1095 2472 arti-

99 2500 189 2576 culis,
218 2501 346 2560 fororum
360 2498 544 2559 animalium
533 2495 718 2573 innocentia,
741 2497 797 2557 soli
812 2496 963 2557 fertilitate
971 2495 1094 2575 ,pabuli

10 2591 11 2634 ἲ
99 2585 243 2644 obertate.
273 2583 408 2662 quidquid
423 2591 469 2642 est
486 2600 542 2660 quo
557 2600 659 2643 carere
671 2582 730 2641 vita
747 2598 805 2640 non
820 2581 927 2642 debeat
939 2598 1076 2659 nusqnam
1086 2590 1138 2642 ποι

99 2677 145 2728 cst
161 2669 371 2746 praestantius:
402 2668 519 2745 fruges,
535 2667 648 2742 vinum,
669 2665 781 2743 olenm,
799 2664 926 2744 vellera,
947 2665 1022 2744 lina,
1045 2684 1096 2724 ve·

98 2761 179 2829 stes,
201 2752 325 2812 iuvenci.
355 2770 391 2812 ne
408 2768 500 2829 equos
519 2750 634 2829 quidem
650 2751 679 2810 in
695 2751 821 2828 trigariis
837 2749 913 2809 ullos
933 2749 1096 2811 vernaculis

10 2865 11 2868 ¹
67 2837 279 2916 apraeternnt.
311 2834 436 2896 metallis
453 2836 530 2912 auri,
547 2836 676 2912 argenti,
698 2836 794 2912 aeris,
811 2835 901 2910 ferri,
915 2833 1047 2912 quamdin
1064 2832 1096 2892 li·

10 2943 11 2994 }
98 2923 157 2980 cuit
174 2939 335 2998 exercere,
361 2919 447 2981 nullis
466 2921 556 2980 cessit
579 2921 665 2979 terris
686 2927 716 2979 ct
734 2937 808 2979 nunc
828 2919 901 2978 intra
925 2937 958 2978 se
978 2916 1096 2994 gravida

99 3023 152 3083 pro
171 3006 247 3064 omni
263 3003 333 3065 dote
350 3006 447 3064 varios
469 3021 556 3064 sucos
573 3011 603 3063 et
622 3003 735 3080 frugum
748 3019 956 3081 pomorumque
972 3017 1096 3079 sapores

10 3107 11 3140 2
99 3087 202 3149 iundit.
231 3089 279 3148 Ab
296 3085 742 3166 eaexceptislndiaeiabnlosis
760 3103 928 3184 proxumam
944 3084 1140 3164 equidem203
1180 3162 1181 3165 Ἴ

10 3165 12 3240 l
101 3172 231 3232 duxerim
260 3171 424 3252 Hispaniam
452 3189 631 3250 quacumque
660 3171 783 3231 ambitur
808 3171 898 3246 mari,
929 3187 1097 3248 quamquam

10 3287 12 3310 ι
70 3257 260 3334 assqualidam
280 3265 438 3336 exparte,
465 3274 581 3332 verum,
608 3255 656 3314 ubi
677 3255 788 3332 gignit,
818 3254 945 3314 ieracem
972 3255 1096 3332 frugum,

10 3347 11 3376 f
104 3341 179 3418 olei,
200 3343 276 3418 vini,
305 3358 443 3419 equorum
467 3339 707 3416 metallorumque
731 3340 854 3398 omnium
880 3357 1034 3416 generum,
1062 3335 1097 3396 ad

10 3449 12 3456 >
103 3423 175 3486 baec
187 3427 249 3504 pari
266 3424 368 3486 Gallia.
409 3442 508 3486 verutn
525 3423 650 3483 desertis
666 3424 726 3482 suis
745 3431 844 3500 sparto
858 3425 947 3483 vincit
960 3420 1097 3499 Hispania

10 3579 14 3668 Ι
105 3518 134 3568 et
153 3508 249 3590 lapide
278 3508 437 3589 speculari,
464 3510 675 3587 pigmentorum
697 3507 783 3567 etiarn
808 3506 939 3624 deliciis,
966 3504 1095 3566 laborum
