2524 3910
322 211 403 259 nar.
419 209 508 258 nrsn.
523 211 657 260 xxxvrn.
676 211 719 264 ιο.
738 202 889 280 (ol-67.)
1049 203 1107 265 175

108 365 235 432 sideritis
255 375 393 443 vocatur,
411 367 487 444 ignis
503 384 562 427 non
578 367 719 429 sentiens.
752 367 899 430 Ostraoias
919 372 983 430 sive
998 377 1150 439 ostra-177

108 453 171 514 citis
183 458 229 512 est
244 459 391 529 testacea,
406 450 507 512 durior
516 450 686 512 ceramitide
698 450 817 514 achatae
830 453 949 532 similis,
962 455 1017 516 nisi
1030 455 1108 533 quod

108 535 172 613 illa,
201 553 265 595 cnm
288 533 415 614 politur,
442 537 617 614 pinguescit.
659 535 726 597 huic
747 544 824 598 tanta
847 537 951 599 duritia
977 539 1055 599 inest
1077 546 1108 600 ut

106 621 275 698 fragmentis
295 621 359 680 eius
382 619 457 681 aliae
479 636 611 697 gemmae
634 620 806 700 scalpantur.
852 621 984 684 Ostritidi
1008 631 1108 684 ostrea

86 723 123 766 aa
139 703 326 765 similitudine
346 721 453 766 nomen
470 704 592 766 dedere.
631 703 845 783 ophicardelon
867 707 983 768 barbari
1002 715 1109 768 vocant

107 790 220 868 nigrum
234 788 366 850 colorem
383 789 459 850 hinis
475 789 552 850 liniis
570 787 644 850 albis
659 787 881 851 includentibus.
922 791 968 852 De
984 790 1107 852 ohsiano

107 872 203 952 lapide
225 873 347 933 diximus
373 875 529 953 superiore
548 873 633 934 libro.
670 875 855 936 inveniuntur
877 884 907 936 et
927 873 1101 953 gemmae⁸⁸·
1116 872 1150 909 ¹⁹⁸

107 957 212 1018 eodem
222 958 338 1020 nomine
349 976 384 1021 ac
392 958 495 1020 colore
507 975 566 1018 non
578 957 672 1019 solnm
683 960 713 1018 in
721 957 880 1038 Aethiopia
889 958 1039 1038 Indiaque,
1054 924 1128 1020 aad*

1 1081 2 1084 =
107 1044 193 1103 etiam
207 1043 238 1102 in
253 1041 368 1104 Samnio
384 1050 431 1120 et,
453 1051 484 1104 ut
504 1042 592 1121 aliqui
614 1050 730 1121 putant,
753 1043 782 1103 in
797 1041 952 1122 Hispania,
971 1044 1107 1105 litoribus

73 1143 169 1188 roenns
185 1129 297 1187 oceani.

1 1248 3 1292 ι
172 1211 256 1290 (66.)
270 1205 494 1283 Panchrusiere
508 1229 548 1272 ex
559 1211 692 1272 omnihus
706 1209 856 1273 coloribus
868 1221 991 1274 constat.
1016 1211 1087 1272 Pan·
1099 1220 1151 1278 178

104 1313 201 1375 gonus
219 1312 278 1357 non
298 1295 416 1374 longior
433 1296 526 1374 digito
540 1314 578 1356 ne
595 1294 749 1372 crystallus
762 1295 894 1356 videatur
908 1313 1028 1357 numero
1045 1294 1108 1374 pln-

1 1379 2 1454 l
104 1383 178 1442 rium
196 1379 367 1458 angulorum
383 1381 460 1442 iacit.
501 1378 630 1440 Paneros
653 1379 746 1460 qualis
768 1382 806 1439 sit
826 1379 1028 1441 alletrodoro
1049 1397 1107 1439 non

1 1461 2 1498 ³
104 1465 222 1542 dicitur,
237 1464 292 1525 sed
305 1483 422 1526 carmen
434 1464 584 1526 Timaridis
599 1466 721 1542 reginae
737 1465 842 1524 ineam
859 1463 983 1524 dicatum
995 1464 1107 1524 Veneri

71 1567 95 1612 u
104 1569 164 1611 non
180 1548 333 1626 inelegans
353 1551 453 1628 ponit,
477 1567 516 1609 en
534 1566 592 1629 quo
608 1547 790 1626 intellegitur
812 1547 936 1609 adiutam
950 1547 1108 1609 iocundita-

1 1711 2 1726 χ
104 1643 173 1696 tem.
205 1633 280 1694 hauc
306 1633 419 1713 quidam
440 1642 617 1713 paneraston
645 1641 757 1693 vocant.
797 1631 981 1693 Ponticarum
1004 1632 1150 1710 pluralia

1 1731 2 1788 l
103 1727 172 1782 sunt
186 1736 313 1796 genera:
342 1727 388 1780 est
402 1717 519 1780 stellata
533 1735 608 1778 nnnc
619 1716 786 1795 sanguineis
798 1735 873 1779 nunc
885 1719 993 1778 auratis
1005 1717 1108 1795 guttis,

104 1822 180 1883 quae
195 1803 275 1862 inter
295 1819 392 1863 sacras
408 1802 542 1864 habetur.
578 1801 634 1862 alia
655 1819 710 1880 pro
729 1800 825 1862 stellis
849 1800 980 1862 eiusdem
997 1801 1108 1862 coloris

103 1888 189 1950 linias
203 1885 309 1964 habet,
325 1885 381 1947 alia
392 1888 530 1947 montium
540 1885 772 1965 convalliumque
784 1886 910 1964 efligies.
934 1884 1108 1964 Phlogincs,

69 1992 93 2033 m
103 1991 191 2054 quam
206 1980 236 2033 et
251 1971 400 2048 chrysitim
413 1978 535 2047 vocant,
557 1969 664 2031 ochrae
682 1970 799 2030 Atticae
816 1970 983 2031 adsimulata
997 1970 1108 2030 inveni-

103 2067 152 2119 tur
161 2056 347 2135 indegypto.
372 2054 550 2116 Phoenicitis
564 2072 603 2116 en
613 2055 708 2115 halani
720 2053 906 2115 similitudine
916 2054 1091 2134 appellatur,
1102 2061 1152 2117 180

1 2199 2 2208 ,
103 2141 232 2222 phycitis
247 2139 340 2218 algae.
371 2138 542 2217 Perileuoos
559 2139 590 2198 iit
606 2139 642 2198 ab
655 2140 715 2200 oris
728 2156 860 2217 gemmae
871 2138 906 2198 ad
921 2138 1048 2200 radicem
1062 2156 1109 2198 us-

102 2245 163 2308 quc
179 2225 248 2289 albo
267 2223 474 2286 descendente.
507 2221 709 2298 Paeanitides‚
729 2241 800 2302 quas
823 2223 936 2301 qnidam
952 2221 1109 2300 gaeanidas

1 2368 2 2371 ,
101 2319 228 2388 vocant,
243 2319 419 2390 praegnates
435 2309 499 2370 lieri
514 2317 545 2368 et
560 2326 666 2389 parere
682 2307 815 2368 dicuntur
828 2306 996 2386 mederique
1012 2315 1109 2386 partu-

1 2405 2 2412 ’
67 2395 260 2457 sarientibus.
297 2394 408 2456 natales
427 2394 464 2454 iis
484 2395 514 2453 in
530 2392 700 2454 Macedonia
714 2393 794 2452 iuxta
807 2391 1012 2451 monimentum
1028 2390 1110 2451 'line-

1 2527 2 2534 ι
100 2482 185 2558 siae,
201 2479 321 2558 species
337 2495 429 2558 aquae
444 2479 596 2556 glaciatae.

1 2561 2 2572 ’
167 2564 253 2644 (67.)
275 2561 354 2625 Solis
378 2581 490 2642 gemma
515 2561 634 2623 candida
658 2559 758 2622 estad
779 2562 909 2639 speciem
930 2559 1035 2620 sideris
1056 2559 1086 2618 in
1102 2570 1150 2624 181

101 2649 209 2712 orbem
224 2647 366 2726 fulgentis
381 2665 525 2727 spargens
537 2645 643 2707 radios.
670 2644 794 2722 Sagdam
806 2643 942 2706 Chaldaei
958 2651 1064 2704 vocant
1079 2653 1110 2704 et

102 2734 325 2810 adhaerentem,
335 2741 367 2792 ut
377 2732 485 2811 ierunt,
496 2731 618 2792 navibus
629 2731 791 2807 inveniunt,
803 2732 911 2808 prasini
922 2729 1041 2790 coloris.
1059 2728 1110 2788 Sa·

1 2819 2 2868 l
69 2813 1110 2894 aomcthraoainsnladatsuinominisnigramaosinepondere,similem

101 2905 196 2982 ligno.
230 2899 366 2962 sauritim
382 2903 412 2961 in
427 2909 532 2963 ventre
547 2899 647 2961 viridis
661 2899 789 2960 lacertae
804 2897 962 2959 harundine
979 2896 1108 2957 dissecto

102 2986 232 3050 inveniri
247 2985 370 3048 tmdunt.
399 2984 519 3047 Sarcitis
533 2984 655 3046 bubulas
672 2985 766 3045 carnis
782 2991 995 3063 repraesentat.
1026 2980 1109 3042 Sele-

103 3074 173 3133 nitis
189 3089 228 3133 ax
244 3069 367 3133 candido
378 3069 502 3130 tralucet
516 3068 625 3132 melleo
639 3068 756 3148 fulgore
771 3069 924 3145 imaginem
938 3066 1023 3127 lunae
1041 3084 1109 3126 con-

103 3158 219 3234 tinens,
236 3154 393 3234 redditque
408 3171 443 3216 aa
457 3155 488 3215 in
502 3154 566 3216 dies
581 3153 713 3231 singulos
726 3153 887 3212 crescentis
897 3152 1110 3231 minuentisque

69 3255 94 3296 tt
104 3242 213 3304 sideris
232 3241 381 3320 speciem,
397 3241 422 3300 si
436 3256 537 3300 verum
553 3246 607 3300 est.
637 3239 717 3298 na'sci
728 3245 845 3315 putatur
860 3238 889 3296 in
902 3236 1019 3297 Arabia.
1046 3236 1089 3296 Si·
1102 3248 1152 3302 182

103 3325 209 3388 deritis
227 3325 310 3386 ierno
325 3323 427 3386 similis
442 3331 505 3399 est,
524 3322 622 3401 litigio
638 3321 725 3382 inlata
740 3320 900 3382 discordias
916 3321 1002 3398 iacit,
1023 3338 1109 3399 quae·

104 3427 164 3490 qna
175 3413 307 3472 nascitur
319 3411 349 3469 in
360 3407 520 3488 Aethiopia
534 3405 769 3490 sideropoecilos
785 3423 824 3466 en
837 3423 873 3465 ea
887 3407 919 3466 llt
931 3404 1109 3464 variantibus

4 3574 8 3583 Ι
103 3496 208 3572 guttis.
239 3494 392 3576 Spongitis
408 3509 514 3555 nomen
529 3509 611 3554 suum
626 3497 839 3570 repraesentat.
876 3488 1110 3566 synodontitiso
