2468 3896
343 261 424 309 unr.
442 261 530 310 nrsr.
549 260 683 308 xxxrrrr.
703 259 729 313 8.
747 248 820 332 (19.)
1040 254 1079 314 45

69 419 181 498 reponi
218 434 447 497 apoxyomenon
481 415 656 495 flagitaverit
689 419 886 501 princepsque
913 438 1081 499 quamquam

69 504 237 564 adamatum
253 502 432 580 reposuerit.
468 500 636 561 nobilitatur
650 500 794 582 Lysippus
817 513 847 566 et
869 505 1025 566 temulenta
1043 507 1076 565 ti·
1088 516 1123 572 63

70 586 169 647 hicine
187 594 219 646 et
235 586 354 647 canibus
371 603 405 646 ae
418 586 592 662 uenatione,
607 586 636 645 in
652 587 751 666 primis
769 607 843 650 vero
859 590 997 668 quadriga
1017 607 1080 650 cnm

72 669 143 731 Sole
164 669 360 732 Rhodiorum.
402 671 472 730 lecit
494 678 524 730 ct
539 668 733 732 Alexandrum
748 671 881 752 lingnum
896 674 991 735 multis
1009 691 1079 752 ope·

52 756 153 816 eribus
182 774 198 816 a
222 757 349 835 pueritia
375 755 438 816 eius
466 772 560 815 orsus.
601 773 684 834 quarn
704 766 824 819 statuam
848 760 972 819 inaurari
996 759 1080 819 iussit

71 839 153 900 Nero
181 842 320 920 princeps
343 839 504 900 delectatus
527 839 676 900 admodum
699 841 766 919 illa,
787 843 870 921 dein,
895 861 957 903 cum
982 843 1079 922 pretio

72 927 206 1006 perisset
222 926 316 1004 gratia
333 925 415 1001 artis,
427 924 586 984 detractum
598 934 643 985 est
656 943 764 1005 aurum,
778 929 996 1007 pretiosiorque
1014 926 1078 987 talis

72 1009 300 1080 existimabatur
323 1010 410 1070 etiam
431 1009 615 1070 cicatricibus
639 1012 738 1089 operis
761 1021 847 1090 atque
868 1013 1029 1073 concisuris
1050 1011 1079 1070 in

0 1101 1 1104 ’
71 1095 181 1174 quibus
199 1112 300 1155 aurum
322 1094 417 1154 luerat
440 1093 665 1155 remanentibus.
703 1094 779 1157 idem
800 1099 869 1158 iecit
884 1095 1075 1176 llephaestio·
1088 1105 1121 1160 64

44 1192 136 1240 noem
161 1178 325 1240 Alexandri
344 1176 441 1256 llagni
463 1180 599 1256 amicum,
623 1197 707 1258 quem
732 1180 844 1259 quidam
865 1180 1010 1258 Polyclito
1032 1179 1079 1240 ad·

71 1265 226 1340 scribunt,
250 1280 313 1323 cum
327 1263 353 1322 is
370 1271 483 1323 centum
499 1280 593 1343 prope
615 1265 697 1325 annis
713 1273 780 1326 ante
796 1266 901 1342 luerit,
923 1267 992 1325 item
1009 1264 1078 1324 Ale·

70 1349 176 1410 xandri
188 1348 376 1409 venationem
391 1365 464 1427 quae
476 1345 599 1427 Delphis
612 1357 724 1410 sacrata
738 1349 926 1427 est,Athenis
935 1348 1077 1427 Satyrum,

71 1442 195 1495 turmam
223 1431 381 1493 Alexandri
412 1433 441 1491 in
463 1449 517 1512 qna
539 1434 695 1494 amicorum
718 1435 781 1494 eius
806 1436 947 1513 imagines
971 1451 1076 1493 summa

72 1521 201 1580 omniurn
226 1515 413 1578 similitudino
435 1518 639 1596 expressit-
656 1517 730 1578 hano
750 1517 887 1579 Metellus
908 1516 1078 1579 hlacedonia

0 1607 1 1612 ’
44 1605 194 1665 usubacta
205 1601 351 1662 transtulit
362 1599 482 1661 Romam
498 1635 549 1678 -,
562 1603 632 1664 iecit
647 1611 678 1664 et
694 1602 847 1682 quadrigas
859 1601 1011 1662 multorum
1026 1620 1077 1679 ge-

71 1707 183 1750 nerum.
214 1686 378 1747 statuariae
393 1687 446 1746 arti
460 1686 618 1765 plurumum
631 1686 752 1748 traditur
765 1687 926 1748 contulisse
938 1686 1072 1765 capillum
1085 1697 1118 1753 65

72 1771 285 1852 exprimendo,
307 1772 402 1850 capita
420 1771 529 1832 minora
552 1773 686 1834 iaciendo
702 1789 784 1851 quarn
801 1774 928 1852 antiqui,
952 1789 1076 1853 corpora

0 1919 1 1942 ,
71 1857 233 1937 graciliora
249 1857 451 1934 siccioraque,
471 1875 524 1936 per
548 1876 621 1937 quae
638 1859 801 1938 proceritas
820 1860 969 1937 signorum
985 1859 1077 1918 maior

73 1942 233 2004 videretur.
270 1958 329 2001 non
349 1940 439 2000 habet
461 1939 589 2002 Latinum
610 1960 714 2003 nomen
733 1945 897 2021 symmetria
916 1960 998 2021 quam
1014 1941 1077 2001 dili·

45 2028 247 2106 ngentissime
262 2024 419 2086 custodivit
435 2043 509 2086 nova
523 2028 687 2108 intactaque
704 2029 817 2088 ratione
831 2027 984 2106 quadratas
994 2035 1076 2087 vete

73 2132 132 2174 rom
150 2120 278 2172 staturas
302 2110 508 2190 permutando,
534 2111 683 2191 volgoque
706 2111 823 2173 dicebat
844 2110 879 2172 ab
900 2112 958 2171 illis
980 2111 1074 2172 iactos

72 2196 175 2277 quales
200 2204 302 2257 essent
319 2195 469 2273 homines,
489 2213 507 2256 a
529 2215 561 2257 se
584 2196 687 2276 quales
709 2198 879 2258 viderentur
901 2215 979 2257 esse.
1009 2213 1075 2274 pro-

2 2300 10 2349 t
72 2284 154 2362 priae
185 2281 270 2342 huius
299 2279 435 2341 videntur
460 2299 528 2342 esse
557 2284 689 2361 argutiae
718 2298 839 2361 operum
861 2280 1024 2341 custoditae
1047 2282 1076 2340 in

2 2356 10 2479 ἰ
71 2367 207 2428 ninumis
220 2383 338 2446 qnoque
352 2365 449 2425 rebus.
469 2366 513 2446 [7]
525 2364 616 2427 Filios
631 2375 660 2428 et
672 2365 831 2444 discipulos
845 2365 963 2442 reliquit
975 2363 1070 2424 lauda·
1084 2377 1118 2430 66

2 2500 3 2511 r
46 2461 117 2514 ntes
142 2452 272 2512 artifices
289 2449 429 2530 haippum
450 2458 480 2511 et
494 2449 629 2530 Boedan,
653 2450 706 2512 sed
722 2458 789 2512 ante
809 2450 900 2510 omnis
917 2446 1075 2526 Euthycra-

2 2568 6 2606 7
74 2547 139 2616 ten,
162 2553 332 2617 quamquam
353 2536 379 2596 is
406 2537 595 2598 constantiam
617 2536 714 2616 potius
735 2535 861 2596 imitatus
885 2533 976 2614 patris
994 2551 1075 2612 quam

73 2622 251 2702 elegantiam
268 2629 387 2683 austero
403 2619 501 2681 maluit
516 2638 629 2699 genere
646 2639 728 2700 quam
740 2618 863 2681 iucundo
878 2618 1006 2699 placere.
1024 2620 1075 2678 ita-

73 2725 129 2787 que
160 2716 279 2787 optume
308 2706 457 2786 expressit
483 2703 639 2766 Herculem
666 2704 788 2784 Delphis
820 2712 850 2765 et
879 2702 1075 2764 Alexandrum

74 2791 211 2872 Thespiis
227 2799 397 2852 venatorem
415 2797 444 2849 et
460 2789 603 2868 proelium
618 2799 768 2870 equestre,
786 2788 968 2849 simulacrum
982 2788 1074 2866 ipsum

47 2875 236 2956 *Trophonii
253 2874 287 2934 ad
304 2873 460 2950 oraculum,
476 2873 631 2954 quadrigas
642 2875 801 2954 conpluris,
818 2891 899 2934 ecum
912 2890 974 2932 oum
987 2871 1072 2931 lusoi-

75 2963 135 3039 nis,
155 2978 245 3021 canes
268 2959 440 3018 venantium.
476 2958 519 3039 [8]
535 2958 625 3020 lluins
640 2977 731 3038 porro
749 2957 907 3039 discipulus
929 2957 983 3017 luit
999 2955 1114 3024 Tisi-67

76 3054 170 3108 crates
189 3045 298 3122 etipse
314 3041 487 3121 Sicyonius,
503 3044 555 3106 sed
569 3043 687 3123 Lysippi
705 3051 804 3104 sectae
818 3042 961 3122 propior,
979 3043 1072 3102 utrix

76 3131 276 3192 discernantur
291 3125 430 3207 conplura
451 3130 549 3208 signa,
573 3147 626 3190 ceu
643 3145 736 3190 senex
754 3126 908 3190 Thebanus
926 3135 956 3188 et
969 3125 1074 3189 Deme-

77 3217 145 3277 trius
165 3233 236 3293 rex,
251 3212 411 3274 Peucestes
426 3211 583 3276 Alexandri
599 3212 695 3292 lllagni
712 3222 862 3291 servator,
879 3211 982 3291 dignus
998 3219 1075 3272 tanta

48 3301 179 3379 ogleria.
217 3298 260 3378 [9]
286 3297 424 3360 Artifices
448 3299 495 3377 qui
523 3300 684 3379 conpositis
703 3298 896 3360 voluminibus
915 3296 1118 3363 condidereoa

5 3443 6 3464 ,
77 3385 147 3447 haee
158 3385 239 3444 miris
256 3383 386 3444 laudibus
400 3382 551 3445 celebrant
564 3383 752 3462 Telephanen
764 3383 928 3445 Phocaeam
943 3382 1075 3460 ignotum

5 3467 6 3484 ¹
78 3471 164 3547 alias,
192 3469 324 3548 quoniam
350 3467 520 3530 Thessaliae
546 3467 738 3548 habitaverit,
767 3478 796 3530 et
822 3470 862 3530 ihi
891 3485 982 3547 opera
1012 3468 1074 3526 eius

79 3553 231 3631 latuerint,
247 3553 352 3632 alioqui
372 3553 519 3630 suffragiis
536 3555 666 3634 ipsorum
680 3563 821 3633 aequatur
836 3552 998 3629 Polyclito,
1016 3549 1075 3622 llly-
