2468 3896
158 246 198 308 50
505 255 535 304 o.
556 255 652 303 annu
671 254 822 303 ssounor

85 429 89 436 ·
159 423 266 492 crates,
281 412 432 490 Polyidus,
448 410 646 490 Pytbccritus,
661 410 846 489 Protogenes
866 409 942 470 idem
957 411 1053 489 pictor
1071 431 1088 472 e
1103 413 1167 474 cla-

115 496 191 585 ’ᾖξ’
204 499 343 575 rissimis,
362 505 393 556 ut
405 497 551 575 dicemus,
568 495 738 572 Patrocles,
753 493 862 573 Pollis,
880 493 1053 556 Posidonius
1066 499 1114 575 qui
1131 507 1166 558 et

157 591 307 661 argeutum
329 581 454 642 caelavit
477 581 632 658 nobiliter,
660 580 777 639 natione
793 577 958 658 Ephesius,
983 579 1165 658 Periclyme-

74 701 77 707 ι
158 686 227 745 nus,
243 665 363 743 Philon,
380 664 537 743 Spmenus,
554 663 741 742 Timotheus,
757 662 988 743 l'heomnestus,
1004 663 1174 726 Timarcbi·‘

113 758 148 815 92
160 751 229 829 des,
261 750 381 828 Timon,
412 749 522 828 Tisias,
552 747 691 808 Thrason.
740 748 804 828 [35]
826 746 872 807 Eu
902 748 1033 810 omnibus
1064 758 1196 816 autema

156 853 288 896 maxume
311 835 485 912 cognomine
514 834 638 911 insignis
661 841 707 893 est
732 830 923 893 Callimachus
945 851 1062 912 semper
1082 833 1164 895 calu·

155 922 279 980 naniator
297 921 358 997 sui,
379 937 435 978 nec
455 919 540 978 liuem
556 918 690 978 habentis
707 915 894 993 diligentiae,
918 917 956 977 ob
972 918 1000 978 id
1018 921 1163 979 catatexi-

156 1004 277 1064 technus
293 1003 474 1083 appellatus,
494 1001 675 1063 memorabili
702 1000 838 1079 exemplo
854 1000 1007 1062 adhibendi
1024 1011 1053 1062 et
1069 1020 1161 1064 curae

154 1089 277 1149 modum.
318 1088 400 1148 buius
427 1095 493 1147 sunt
519 1086 658 1146 saltantes
680 1083 847 1163 lacaenae,
878 1085 1059 1146 emendatum
1083 1105 1161 1167 opus

156 1172 258 1233 sedin
280 1190 337 1251 quo
359 1173 481 1250 gratiam
503 1188 616 1232 omnem
637 1169 787 1248 diligentia
806 1169 968 1230 abstulerit.
1005 1170 1079 1230 bunc
1094 1175 1203 1250 qui-10

147 1256 217 1318 ,dam
235 1265 265 1318 et
287 1259 429 1336 pictorem
443 1256 535 1316 luisse
555 1255 678 1316 tradunt.
710 1253 776 1314 Non
791 1272 861 1314 aere
877 1263 994 1333 captos,
1010 1274 1065 1315 nec
1080 1265 1158 1336 arte,

153 1360 236 1402 unam
253 1350 359 1401 tantum
371 1339 499 1401 Zenonis
517 1349 640 1402 statuam
654 1337 759 1418 Cypria
776 1338 965 1418 expeditione
982 1357 1040 1399 non
1055 1341 1158 1402 uendi-

154 1426 195 1486 dit
218 1422 307 1504 Cato,
332 1425 384 1486 sed
407 1427 473 1505 quia
495 1423 663 1504 philosophi
688 1433 769 1500 erat,
790 1432 822 1482 ut
844 1423 942 1484 obiter
965 1424 1021 1484 boc
1036 1443 1158 1504 quoque

110 1522 145 1578 93
155 1519 293 1572 noscatur
301 1519 356 1571 tam
369 1512 454 1570 inane
467 1509 641 1589 exemplum.
659 1508 723 1587 [36]
737 1507 769 1568 lu
778 1509 925 1568 mentione
937 1516 1094 1569 statuarum
1107 1519 1157 1570 est

153 1604 183 1655 et
200 1614 253 1655 ona
269 1612 327 1655 nou
342 1593 573 1674 praetereunda,
595 1610 764 1671 quamquam
784 1594 911 1652 auctoris
928 1594 1050 1671 incerti,
1073 1594 1156 1655 iuxta
1170 1621 1198 1663 15

152 1688 264 1757 rostra,
281 1678 416 1739 Herculis
432 1679 562 1756 tunicati,
580 1677 644 1737 sola
660 1695 697 1736 eo
712 1676 812 1736 babitu
825 1675 949 1754 Romae,
966 1686 1049 1737 torva
1065 1679 1155 1757 lacie,

152 1764 342 1840 sentiensque
359 1779 493 1841 suprema
511 1763 633 1821 tunicae.
668 1762 698 1821 in
714 1760 767 1821 bac
782 1770 843 1821 tres
859 1769 925 1822 sunt
941 1762 1030 1822 tituli:
1051 1761 1081 1820 L.
1097 1761 1155 1822 Lu-

150 1847 217 1906 culli
232 1849 416 1925 imperatoris
437 1846 473 1906 de
488 1846 646 1922 manubiis,
667 1845 757 1905 alter:
782 1845 920 1924 pupillum
935 1845 1044 1906 luculli
1063 1847 1155 1907 lilium

151 1951 189 1993 ex
204 1930 234 1992 S.
252 1929 282 1992 G.
300 1930 467 2008 dedicasse,
491 1931 610 1990 tertius:
636 1929 666 1990 T.
684 1929 852 2009 Septimium
869 1930 1003 1990 Sabinum
1026 1930 1154 1992 aedilem

149 2016 278 2077 curulem
295 2035 333 2076 en
346 2017 461 2095 privato
484 2017 514 2074 in
528 2014 673 2094 publicum
695 2016 871 2076 restituisse.
905 2023 949 2074 tot
964 2016 1151 2077 certaminum
1164 2045 1194 2087 20

150 2109 305 2179 tantaeque
324 2101 499 2178 dignationis
515 2099 697 2160 simulacrum
712 2101 741 2161 id
758 2100 818 2160 luit.

106 2195 140 2252 94
213 2185 294 2264 (20.)
316 2184 399 2245 Nunc
417 2192 638 2264 praevertemur
657 2184 691 2245 ad
707 2183 888 2245 differentias
904 2184 981 2244 aeris
997 2193 1028 2246 et
1044 2187 1152 2247 mixtu-

149 2287 203 2330 ras.
225 2270 258 2330 ln
271 2267 380 2350 Cyprio
397 2271 580 2330 coronarium
597 2278 626 2330 et
641 2268 777 2348 regulare
790 2278 846 2347 est,
863 2277 1014 2348 utrumque
1029 2270 1148 2332 ductile.

147 2356 329 2414 coronarium
350 2363 482 2416 tenuatur
508 2355 537 2414 in
556 2354 681 2431 lamnas,
711 2363 915 2431 taurorumque
935 2355 1007 2415 felle
1028 2358 1149 2415 tinctum

148 2441 277 2518 speciem
295 2442 356 2500 auri
375 2441 404 2499 in
420 2440 538 2500 coronis
553 2439 726 2499 histrionum
742 2439 882 2517 praebet,
903 2437 1036 2518 idemque
1052 2442 1081 2500 in
1096 2459 1150 2500 un·
1159 2467 1190 2510 25

147 2525 206 2586 cias
222 2523 325 2585 additis
337 2526 400 2584 auri
412 2523 547 2602 scripulis
560 2525 639 2584 senis
650 2525 803 2603 praetenui
819 2525 923 2602 pyropi
938 2524 1052 2587 brattea
1064 2526 1149 2603 igne·

146 2608 209 2668 scit.
235 2607 373 2686 regulare
387 2615 417 2668 et
432 2609 461 2667 in
477 2607 540 2668 aliis
557 2609 588 2667 lut
602 2607 739 2685 metallis,
756 2609 884 2686 itemque
901 2607 1063 2670 caldarium.
1092 2609 1148 2670 dif-

145 2691 270 2752 ferentia
298 2693 375 2771 quod
396 2691 550 2752 caldarium
578 2691 706 2752 funditur
736 2700 858 2770 tantum,
886 2693 999 2754 malleis
1026 2694 1146 2774 fragile,
1221 2705 1224 2772 g

145 2777 249 2855 quibus
262 2777 398 2856 regulare
416 2776 588 2855 obsequitur
604 2777 640 2836 ab
657 2776 721 2836 aliis
737 2776 844 2838 ductile
856 2778 1042 2857 appellatum,
1057 2777 1145 2859 quale
1221 2787 1223 2824 i

146 2879 230 2923 omne
248 2860 384 2942 Cyprium
406 2869 460 2924 est.
492 2861 543 2922 sed
563 2869 593 2922 et
614 2862 644 2921 in
664 2864 773 2922 ceteris
789 2862 914 2922 metallis
937 2881 1003 2923 cura
1020 2863 1108 2924 distat
1127 2882 1186 2931 aaa

145 2947 288 3027 caldario,
305 2965 389 3008 omne
407 2948 481 3009 enim
498 2945 666 3024 diligentius
684 2948 814 3025 purgatis
831 2947 892 3024 igni
903 2949 983 3008 uitiis
999 2951 1145 3010 excoctis·

101 3039 134 3096 95
148 3049 204 3110 que
218 3032 353 3110 regulare
369 3041 423 3093 est.
448 3030 481 3091 ln
499 3031 619 3110 reliquis
635 3031 796 3108 generibus
812 3031 903 3110 palma
917 3029 1062 3113 Campano
1075 3051 1143 3113 per·

144 3115 261 3176 bibetur
288 3117 479 3194 utensilibus,
508 3117 585 3176 vasis
615 3115 831 3194 probatissimo.
870 3116 1003 3195 pluribus
1031 3120 1062 3179 lit
1085 3119 1144 3179 boc
1207 3185 1208 3190 η

142 3200 245 3260 modis.
282 3219 405 3281 namque
422 3199 538 3280 Capuae
559 3198 685 3280 liquatur
702 3217 760 3260 non
776 3201 911 3262 carbonis
932 3203 1067 3280 ignibus,
1088 3203 1143 3264 sed

143 3284 231 3363 ligni,
246 3294 443 3364 purgaturque
461 3285 591 3346 roboreo
608 3284 706 3345 cribro
724 3285 871 3364 perfusum
886 3303 959 3364 aqua
970 3286 1092 3367 frigida,
1107 3306 1143 3348 ac
1154 3313 1183 3356 ss

143 3371 260 3448 saepius
284 3369 369 3431 simili
389 3369 476 3430 modo
491 3369 642 3448 coquitur,
662 3371 821 3430 nouissime
843 3369 945 3430 additis
962 3372 1070 3451 plumbi
1097 3391 1142 3433 ar-

140 3454 264 3530 gentarii
280 3453 482 3534 Hispaniensis
500 3455 583 3516 denis
599 3453 682 3514 libris
700 3456 729 3514 in
745 3463 884 3515 centenas
902 3459 989 3516 aeris.
1019 3460 1059 3518 ita
1078 3456 1140 3518 leo·

142 3539 228 3598 tescit
244 3539 432 3617 coloremque
450 3539 602 3600 iucundum
623 3538 709 3598 trahit
726 3538 839 3619 qualem
854 3540 883 3599 in
899 3539 963 3601 aliis
977 3541 1139 3620 generibus
