2468 3896
152 183 191 244 to
493 195 522 244 c.
541 194 637 242 rumr
653 193 801 244 sucuxox

152 351 220 411 tium
248 351 374 412 celerius
396 359 634 428 consummatam,
664 369 727 412 cum
753 349 849 411 lliacis
877 352 1058 432 temporibus
1088 369 1153 413 uon

150 435 242 496 luisse
260 454 322 496 eam
338 434 483 514 adpareat.

109 530 142 585 19
210 521 238 580 4.
256 522 316 600 (7.)
337 518 422 598 Apud
443 518 727 599 Romanosquoque
748 519 844 581 honos
867 529 978 582 mature
1000 520 1066 581 huic
1090 522 1151 582 arti

150 605 284 683 contigit,
300 603 441 683 siquidem
456 605 628 682 cognomina
643 623 681 664 ex
692 623 726 664 ea
737 603 883 664 Pictorum
901 612 1051 666 traxerunt
1062 603 1150 666 Fabii

150 687 327 750 clarissimae
345 690 454 766 gentis,
471 691 668 768 princepsque
686 690 749 749 eius
765 691 947 767 cognominis
963 693 1027 770 ipse
1043 689 1179 754 aadems

150 771 256 833 Salutis
279 775 372 852 pinxit
398 791 472 833 anno
495 773 575 834 urbis
601 773 736 834 conditae
758 770 908 852 GCGGL„
937 792 1012 853 quae
1034 775 1152 853 pictura

150 856 263 917 duravit
278 857 312 917 ad
325 866 452 916 nostram
468 859 635 918 memoriam
651 857 724 919 aede
743 875 777 919 ea
790 855 889 919 Claudi
901 859 1064 939 principatu
1077 876 1152 919 exu-

150 949 202 1001 sta.
239 957 378 1019 proxume
401 941 549 1002 celebrata
575 951 621 1003 est
645 945 674 1002 in
700 943 767 1003 ioro
790 943 894 1004 boario
917 943 990 1005 aede
1011 942 1151 1004 Herculis

149 1024 235 1085 Pacui
259 1033 367 1104 poetae
384 1028 504 1104 pictura.
538 1025 613 1087 Enni
631 1045 736 1089 sorore
752 1029 870 1106 genitus
884 1027 932 1089 hic
949 1029 1019 1105 luit,
1042 1026 1151 1088 clario-

106 1119 274 1189 horamque
292 1117 384 1172 artem
399 1127 461 1170 eam
476 1109 588 1172 Romae
605 1112 676 1172 lecit
689 1111 784 1190 gloria
801 1130 934 1175 scaenae.
963 1112 1072 1174 Postea
1087 1129 1193 1178 nonae

149 1202 195 1255 est
225 1202 356 1273 spectata
385 1193 518 1256 honestis
544 1196 693 1274 manibus,
723 1198 777 1257 nisi
798 1197 876 1258 forte
900 1199 963 1277 quis
986 1195 1150 1276 Turpilium

149 1279 276 1358 equitem
297 1277 454 1339 Romanum
477 1299 494 1340 e
516 1279 642 1341 Venetia
665 1289 783 1342 nostrae
807 1284 910 1342 aetatis
933 1281 1004 1342 velit
1029 1281 1149 1343 reierre

148 1363 277 1442 pulchris
294 1363 357 1424 eius
374 1364 514 1443 operibus
530 1364 677 1444 hodieque
689 1365 827 1427 Veronae
840 1367 1032 1431 exstantibus.
1062 1365 1151 1428 laeva

147 1448 172 1506 is
191 1466 274 1509 mauu
290 1449 400 1527 pinxit,
423 1449 500 1528 quod
516 1449 552 1510 de
566 1449 646 1510 nullo
660 1459 728 1511 ante
749 1459 931 1511 memoratur.
962 1450 1059 1531 parvis
1081 1449 1149 1529 glo-

147 1533 275 1594 riabatur
293 1532 411 1594 tabellis
429 1535 591 1595 exstinctus
606 1553 700 1615 nuper
716 1537 746 1597 in
767 1535 855 1614 longa
877 1543 996 1596 senecta
1012 1533 1147 1596 Titedius
1159 1553 1189 1594 ιι

147 1616 246 1678 habeo
265 1620 450 1696 praetorius,
466 1622 551 1679 etiam
568 1619 775 1699 proconsulatu
791 1621 960 1699 provinciae
974 1617 1148 1680 Narbonen-

53 1715 55 1718 ’
105 1712 135 1764 21
156 1703 196 1762 sis
218 1702 350 1779 iunctus,
373 1701 426 1762 sed
442 1721 477 1763 ea
496 1722 529 1763 re
545 1705 574 1763 in
590 1704 651 1763 risu
667 1706 753 1766 etiam
768 1704 960 1766 contumeliae
977 1713 1047 1766 erat.
1078 1703 1149 1766 Fuit

148 1794 177 1846 et
203 1786 363 1864 principum
384 1787 512 1846 virorum
539 1805 596 1847 non
619 1789 805 1849 omittendum
829 1790 865 1850 de
889 1791 1001 1870 pictura
1023 1789 1148 1851 celebre

147 1869 309 1930 consilium.
329 1887 392 1930 com
408 1867 461 1942 Qu.
478 1870 584 1932 Pedius
599 1890 694 1952 nepos
709 1870 763 1945 Qu.
783 1873 854 1936 Pedi
870 1874 1031 1935 consularis
1047 1876 1148 1935 trium-

151 1956 302 2035 phalisque
321 1963 351 2014 et
363 1972 379 2014 a
391 1950 519 2014 Caesare
534 1952 677 2013 dictatore
696 1951 849 2014 coheredis
865 1949 998 2030 Augusto
1015 1951 1072 2012 dati
1091 1968 1145 2011 ua·
1158 1975 1189 2018 20

151 2050 215 2100 tura
226 2047 320 2100 mutus
336 2045 429 2115 esset,
440 2038 470 2097 iu
482 2055 520 2098 eo
530 2035 656 2098 llessala
669 2044 779 2112 orator,
793 2054 830 2096 ex
845 2037 926 2095 cuius
938 2034 1045 2097 familia
1056 2038 1143 2114 pueri

149 2124 212 2182 avia
230 2122 343 2200 luerat,
364 2124 504 2201 picturam
525 2121 685 2183 docendum
705 2122 835 2196 censuit,
860 2119 946 2197 idque
962 2120 1047 2178 etiam
1062 2117 1151 2177 divos

149 2206 299 2285 Augustus
316 2205 519 2286 conprobavit,
536 2224 610 2285 puer
624 2206 717 2284 magni
731 2205 881 2284 proiectus
898 2205 927 2263 in
940 2221 973 2264 ea
985 2212 1048 2264 arte
1064 2201 1150 2262 obiit.

106 2291 289 2369 22Dignatio
314 2299 409 2351 autem
433 2293 589 2370 praecipua
605 2289 715 2350 Romae
741 2289 880 2366 increvit,
902 2296 931 2349 ut
954 2289 1106 2364 existimo,
1131 2305 1152 2347 a

148 2375 194 2436 Μ’.
212 2375 333 2436 Valerio
348 2374 482 2436 blaxumo
494 2374 632 2452 Messala,
646 2375 693 2452 qui
708 2376 845 2453 princeps
857 2372 991 2450 tabulam,
1007 2375 1151 2452 picturam
1162 2389 1190 2429 aa

149 2460 244 2540 proeli
270 2477 328 2539 quo
351 2457 600 2538 Carthaginiensis
625 2467 655 2520 et
675 2457 832 2519 Hieronem
852 2459 882 2518 11
902 2457 1000 2518 Sicilia
1023 2458 1150 2532 vicerat,

150 2546 304 2622 proposuit
327 2545 356 2603 11
380 2543 474 2604 latere
497 2545 593 2604 curiae
616 2542 759 2604 Hostiliae
780 2560 854 2604 anno
873 2542 909 2602 ab
933 2543 1006 2602 urbe
1031 2539 1150 2602 condita

149 2625 309 2689 0000110.
340 2626 482 2688 fecithoc
497 2628 571 2687 idem
589 2637 618 2688 et
633 2626 664 2689 h.
680 2626 792 2705 Scipio,
809 2626 992 2704 tabulamque
1003 2626 1150 2686 victoriae

148 2730 218 2788 suae
227 2712 377 2772 Asiaticae
388 2713 417 2771 in
431 2709 576 2790 Capitolio
588 2713 700 2791 posuit,
711 2711 798 2791 idque
811 2728 901 2789 aegre
913 2711 1015 2772 tulisse
1026 2711 1150 2771 fratrem

148 2796 314 2857 Africanum
327 2795 441 2856 tradunt
451 2795 526 2857 haud
540 2798 686 2875 inmerito,
702 2795 815 2876 quando
828 2795 903 2856 lilius
917 2796 979 2856 eius
990 2794 1042 2855 illo
1058 2811 1150 2872 proe·
1162 2809 1191 2854 oo

105 2881 194 2948 aelio
215 2889 316 2960 captus
334 2881 437 2941 luerat.
471 2899 529 2942 noo
547 2880 714 2942 dissimilem
732 2880 924 2941 offensionem
947 2888 976 2940 ct
992 2878 1149 2940 Aemiliani

148 2966 236 3026 subiit
259 2964 363 3026 Lucius
391 2964 532 3027 Hostilius
555 2964 702 3026 Mancinus
732 2967 780 3044 qui
809 2966 917 3046 primus
942 2960 1149 3042 Carthaginem

147 3053 295 3128 inruperat
314 3051 399 3110 situm
415 3053 478 3112 eius
494 3052 786 3131 oppugnationesque
807 3049 938 3128 depictas
954 3047 1149 3129 proponendo

148 3137 176 3194 in
192 3135 258 3193 ioro
278 3135 383 3212 etipse
398 3134 542 3196 adsistens
561 3134 671 3215 populo
688 3136 831 3214 spectanti
844 3134 957 3213 singula
974 3131 1149 3210 enarrando,

149 3236 204 3298 qua
235 3220 370 3280 comitate
401 3221 550 3298 proxumis
585 3221 710 3280 comitiis
742 3219 921 3281 consulatum
941 3217 1062 3296 adeptus
1089 3225 1190 3277 estas

148 3302 247 3364 habuit
272 3311 302 3364 et
317 3320 422 3364 scaena
442 3303 516 3365 ludis
535 3301 635 3366 Claudi
649 3303 766 3365 Pulchri
782 3319 911 3381 magnam
930 3301 1151 3364 admirationem

149 3389 297 3466 picturae,
316 3405 379 3448 oum
393 3386 427 3447 ad
443 3388 604 3467 tegularum
620 3389 835 3451 similitudinem
850 3388 932 3449 corvi
949 3385 1064 3466 decepti
1079 3387 1152 3447 ima-

147 3473 216 3551 gine
235 3470 413 3534 advolarent.
