2510 3898
130 223 189 283 154
470 231 500 280 c.
523 231 620 278 snum
643 229 794 279 securam

128 388 347 452 erassitudinem
376 389 419 448 sui
448 386 587 449 facilitate
610 386 763 463 tralucida,
786 386 863 466 quod
888 385 974 448 etiam
996 386 1025 445 in
1046 387 1129 465 aquis

85 486 181 542 denos
205 476 294 535 iuvat.
335 471 422 534 iidem
448 472 618 551 plerumque
644 472 780 549 concavi,
803 480 835 530 ut
859 473 952 531 visum
979 469 1129 548 colligant.

129 578 211 639 quam
241 559 278 620 ob
307 575 369 618 rem
396 556 517 618 decreto
548 555 693 617 hominum
719 556 756 616 iis
784 557 912 634 parcitur
936 555 1027 633 scalpi
1057 557 1131 616 reti·

127 648 182 720 tis,
205 660 373 723 quamquam
398 640 599 718 Scythicorum
624 640 895 720 Aegyptiorumque
923 638 1027 700 duritia
1053 648 1132 700 tanta

128 737 174 791 est
193 736 298 788 utnon
314 734 421 806 queant
440 725 596 786 volnerari.
628 742 749 804 quorum
764 743 837 785 vero
854 741 961 802 corpus
981 732 1152 786 extentume

128 822 174 874 est
200 812 301 872 eadem
318 829 373 889 qua
394 809 513 889 specula
534 811 648 870 ratione
669 810 764 889 supini
786 827 883 870 rerum
905 809 1045 886 imagines
1065 808 1130 869 red·

125 899 204 959 dunt.
245 894 326 956 Nero
348 896 486 974 priuceps
500 893 692 972 gladiatorum
707 911 818 972 pugnas
835 893 987 973 spectabat
1009 895 1039 953 in
1056 911 1130 953 zma-

126 1000 158 1044 ra
180 980 226 1041 do.
295 983 296 988 ’

85 1077 118 1132 65
159 1000 278 1145 g(17.)
300 1066 415 1126 Genera
437 1081 538 1125 eorum
559 1062 726 1124 duodecim:
749 1061 924 1122 nobilissimi
942 1061 1069 1139 Scythici
1091 1061 1127 1122 ab

127 1169 161 1211 ea
177 1157 268 1227 gente
283 1151 383 1228 inqua
398 1149 585 1228 reperiuntur
596 1145 743 1227 appellati.
768 1146 853 1207 nullis
866 1147 958 1207 maior
971 1148 1127 1208 austeritas
1140 1166 1164 1208 ro

131 1253 186 1295 nec
213 1235 305 1294 minus
331 1234 391 1293 viti.
426 1241 560 1312 quantum
581 1231 726 1310 smaragdi
754 1232 913 1309 agemmis
940 1231 1047 1291 distant
1070 1239 1130 1292 tan·

128 1328 186 1379 turn
199 1317 351 1395 Scythicus
367 1336 383 1377 a
400 1319 508 1378 ceteris
526 1316 694 1394 zmaragdis.
717 1333 885 1394 proxumam
897 1314 1010 1376 laudem
1022 1314 1131 1376 habent

127 1405 202 1464 sicut
215 1411 246 1462 ct
256 1401 517 1463 sedemBactrianl.
534 1403 563 1462 in
576 1401 764 1463 conmissuris
773 1417 909 1460 saxorum
918 1398 1062 1478 colligere
1076 1417 1129 1460 eos

127 1488 259 1548 dicuntur
280 1488 383 1548 etesiis
404 1486 551 1547 [lantibus.
582 1495 650 1546 tunc
667 1486 742 1544 enim
759 1483 865 1545 tellure
885 1484 1026 1565 deoperta
1041 1486 1130 1544 inter-

127 1574 237 1649 niteut,
254 1573 320 1650 quia
339 1573 375 1632 iis
394 1573 488 1632 ventis
512 1569 639 1631 harenae
655 1587 786 1629 maxume
809 1578 972 1630 moventur.
1006 1568 1058 1629 sed
1073 1567 1128 1628 hos
1140 1589 1167 1630 ts

126 1659 254 1717 minores
267 1654 356 1716 multo
371 1655 515 1732 Scythicis
529 1673 596 1715 esse
610 1653 731 1714 tradunt.
755 1654 871 1714 tertium
883 1654 979 1714 locum
988 1653 1129 1732 Aegyptii

126 1740 246 1817 babent,
262 1747 402 1799 eruuntur
413 1741 490 1799 circa
501 1736 618 1818 Copton
630 1737 765 1816 oppidum
773 1737 930 1799 Thebaidis
943 1737 1067 1798 collibus
1080 1756 1130 1798 ex·

85 1825 246 1889 oocavatts.
269 1823 383 1902 reliqua
399 1842 509 1901 genera
522 1824 551 1882 in
566 1822 692 1882 metallis
708 1823 830 1883 aerariis
846 1822 1041 1900 inveniuntur,
1062 1841 1130 1901 qua·

127 1915 251 1988 propter
266 1909 455 1986 principatum
470 1926 509 1969 ex
520 1908 555 1967 iis
569 1909 702 1986 optinent
718 1904 829 1985 Cyprii.
852 1906 905 1967 dos
921 1925 1022 1967 eorum
1041 1915 1086 1967 est
1101 1909 1130 1968 in

128 1992 231 2053 colore
252 1992 379 2070 liquido,
400 2011 455 2053 nec
475 1991 585 2069 diluto,
608 2009 709 2051 verum
726 2010 764 2052 ex
779 1991 875 2051 umido
893 1992 992 2070 pingui
1015 2009 1130 2071 quaque
1141 2010 1168 2050 ao

128 2077 306 2156 perspicitur
321 2077 450 2137 imitante
469 2075 637 2137 tralucidum
649 2076 747 2153 maris,
767 2077 937 2155 pariterque
948 2084 978 2136 ut
990 2075 1131 2137 traluceat

128 2168 159 2222 et
186 2163 294 2236 niteat,
327 2160 384 2221 hoc
414 2169 461 2223 est
488 2170 520 2220 ut
545 2160 676 2222 colorem
704 2159 851 2238 expellat,
880 2162 971 2221 aciem
996 2162 1129 2240 recipiat.

128 2246 226 2306 lerunt
253 2247 283 2304 in
310 2263 345 2305 ea
370 2245 464 2307 insula
489 2245 598 2306 tumulo
622 2244 718 2323 reguli
740 2241 875 2305 Hermiae
902 2247 981 2305 iuxta
1005 2248 1131 2306 cetarias

129 2347 292 2390 marmoreo
313 2328 392 2391 leoni
417 2330 511 2392 fuisse
538 2329 645 2390 inditos
670 2328 773 2391 oculos
796 2347 813 2389 e
835 2327 995 2408 zmaragdis
1021 2331 1061 2390 ita
1085 2349 1130 2390 ra·

127 2414 271 2476 diantlbus
299 2415 384 2475 etiam
411 2415 440 2474 iu
466 2416 629 2493 gurgitem,
655 2422 687 2474 ut
709 2415 804 2474 territi
828 2413 926 2490 thynni
947 2415 1168 2492 refugerent‚ns

128 2498 176 2558 diu
191 2498 360 2560 mirantibus
381 2501 540 2560 novitatem
560 2497 773 2577 piscatoribus,
789 2497 884 2559 donec
897 2506 1047 2560 mutavere
1063 2517 1131 2559 ocu·
1190 2521 1192 2526 ·

127 2582 163 2642 lis
180 2601 318 2661 gemmae.
578 2591 580 2595 “

85 2677 118 2732 67
190 2665 273 2745 (18.)
296 2667 354 2729 Sed
372 2675 402 2728 et
418 2669 489 2728 vitia
506 2667 699 2729 demonstrari
716 2669 854 2728 convenit
876 2669 905 2728 in
923 2676 980 2728 tam
998 2666 1130 2747 prodigis

128 2751 240 2830 pretiis.
279 2760 345 2811 sunt
359 2751 474 2830 quidem
494 2753 618 2812 omnium
633 2753 750 2829 eadem,
768 2752 907 2830 quaedam
924 2761 1020 2813 tamen
1037 2755 1130 2814 natio·

128 2853 193 2896 num
217 2834 472 2914 peculiariasicut
494 2838 524 2897 in
544 2836 670 2904 homine.
710 2854 783 2914 ergo
807 2834 909 2915 Cyprii
928 2838 1009 2898 varie
1032 2837 1129 2916 glauci
1140 2858 1168 2899 ao

127 2921 278 3000 magisque
299 2939 333 2981 ac
348 2922 440 2980 minus
461 2923 490 2982 in
512 2921 617 2982 eodem
635 2921 789 2999 zmaragdo
811 2921 875 2981 aliis
896 2922 1029 3001 partibus
1047 2931 1130 2983 teno-

127 3022 189 3064 rem
207 3005 286 3065 illum
302 3004 456 3083 Scythicae
472 3007 652 3067 austeritatis
673 3023 732 3066 non
749 3023 867 3084 semper
889 3007 1062 3067 custodiunt.
1094 3007 1130 3068 ad

127 3087 184 3149 hoc
200 3089 368 3167 quibusdam
382 3092 550 3151 intercurrit
565 3089 681 3172 umbra,
699 3090 861 3168 surdusque
877 3089 909 3150 iit
924 3090 1007 3151 colos
1024 3093 1071 3170 qui
1087 3093 1129 3151 in·

131 3173 287 3251 probatur,
311 3176 396 3242 etiam
414 3173 542 3238 dilutior.
578 3172 645 3235 hinc
659 3192 770 3252 genera
784 3174 997 3253 distinguntur,
1018 3183 1049 3235 nt
1070 3176 1129 3235 sint

128 3256 213 3335 aliqui
237 3257 355 3318 obscuri
377 3276 451 3337 quos
475 3266 580 3319 vocant
600 3276 722 3337 caecos,
743 3259 791 3319 alii
809 3258 892 3320 densi
913 3277 968 3320 nec
985 3279 1001 3320 e
1017 3259 1165 3338 liquidoss

128 3341 270 3418 tralucidi,
283 3344 355 3402 varii
371 3342 484 3421 quidam
497 3342 638 3403 nubecula
655 3343 780 3404 obducti.
801 3342 878 3404 aliud
894 3353 940 3404 est
957 3342 1029 3405 haee
1045 3363 1130 3424 quam

87 3425 225 3486 fissumbra
247 3425 283 3486 de
303 3442 358 3503 qua
377 3426 506 3486 diximus.
538 3426 680 3490 nubecula
696 3428 847 3489 albicantis
866 3436 911 3488 est
926 3429 1042 3505 vitium,
1064 3447 1129 3489 cum

126 3508 227 3569 viridis
243 3527 301 3568 non
324 3512 483 3589 pertransit
499 3511 671 3591 adspectus,
698 3513 818 3574 sedant
837 3513 913 3572 intus
934 3515 1059 3574 occurrit
1081 3523 1130 3573 aut
