2468 3896
277 235 357 281 unu.
374 233 466 283 ursr.
481 234 608 282 xxxur.
624 233 728 287 8-10.
745 221 896 301 (el—47.)
1045 224 1086 284 27

71 392 178 472 inago
194 407 279 471 quam
294 388 408 467 digesta
426 387 559 450 claritate
574 392 711 452 materiae
726 390 896 468 accipientis
911 391 1018 452 umbra.
1045 399 1086 452 at·

73 493 134 553 que
159 483 192 534 ut
217 475 312 534 omnia
337 473 374 533 de
396 473 524 552 speculis
549 484 726 552 peragantur
748 476 777 535 iu
798 473 954 552 hocloco,
970 485 1085 555 optuma

74 558 154 638 apud
166 558 296 619 maiores
308 558 423 618 inerant
432 557 614 636 Brundisina,
629 567 734 636 stagno
750 568 781 620 et
793 578 863 620 aere
873 561 980 620 mixtis.
1002 579 1085 639 prae-

74 643 134 702 lata
159 650 230 702 sunt
250 650 403 719 argentea.
448 643 556 720 primns
587 643 658 703 iecit
681 643 824 705 Pasiteles
845 642 941 722 Magni
965 643 1084 724 Pompei

55 736 188 788 saetatc.
215 744 310 806 nuper
328 725 408 789 credi
424 734 560 805 coeptum
575 728 732 788 certiorem
747 729 902 806 imaginem
917 727 998 789 reddi
1013 747 1084 790 auro

77 812 225 891 opposito
243 812 367 872 aversis.

138 896 230 976 (46.)
253 895 371 974 Tinguit
388 895 544 974 Aegyptus
567 904 717 972 argentum
737 906 768 957 ut
788 899 818 957 in
838 899 917 960 vasis
938 897 1063 958 Anubim
1077 909 1125 962 131

76 999 162 1040 suum
178 987 314 1059 spectet,
331 982 500 1059 pingitque,
516 997 574 1039 non
589 979 683 1040 caelat
699 991 861 1058 argeutum.
891 982 966 1044 unde
981 983 1084 1044 transit

75 1066 202 1126 materie
219 1073 249 1123 et
266 1064 301 1124 ad
317 1064 497 1143 triumphalis
515 1071 642 1142 statuas,
659 1067 818 1145 mirumque
837 1069 945 1128 crescit
960 1068 1085 1146 pretinm

47 1173 68 1214 o
76 1150 205 1227 fulgoris
227 1151 386 1210 excaecati.
422 1149 451 1208 id
471 1156 567 1209 autem
590 1149 621 1209 lit
643 1149 700 1210 hoc
729 1149 831 1211 modo:
862 1153 1019 1213 miscentur
1040 1169 1085 1212 ar·

75 1243 170 1311 gento
194 1235 302 1294 tertiae
324 1235 402 1294 aeris
421 1231 521 1312 Cyprii
544 1234 706 1294 tenuissimi
730 1235 807 1314 quod
828 1238 1011 1297 coronarium
1034 1253 1083 1296 vo·

75 1327 143 1378 cant
161 1327 198 1378 et.
209 1317 337 1397 sulpuris
354 1320 412 1379 vivi
429 1325 565 1397 quantum
582 1320 710 1396 argenti,
726 1319 887 1380 condantur
899 1322 939 1381 ita
954 1323 983 1381 in
1002 1320 1083 1380 fictili

76 1403 243 1463 circumlito
264 1403 384 1481 argilla,
406 1401 507 1462 modus
530 1403 692 1482 coquendi,
708 1404 803 1464 donec
818 1424 851 1466 se
866 1407 929 1483 ipsa
945 1404 1084 1484 opercula

76 1490 226 1567 aperiant.
273 1489 414 1566 nigrescit
435 1488 483 1547 ovi
502 1486 627 1546 indurati
649 1487 750 1564 luteo,
777 1497 807 1547 ut
828 1497 923 1550 tamen
944 1497 1029 1550 aceto
1054 1496 1084 1548 et

47 1599 68 1638 rs
75 1581 161 1633 creta
175 1573 338 1632 deteratur.
369 1571 485 1632 dliscuit
499 1570 620 1631 denario
636 1573 767 1632 triumvir
783 1572 927 1634 Antonius
941 1574 1062 1649 ferrum,
1076 1583 1127 1637 liti

75 1659 204 1717 miscent
220 1675 288 1718 aera
304 1657 396 1716 falsae
410 1663 562 1733 monetae,
581 1656 656 1716 aliae
672 1655 804 1734 pondere
822 1657 1008 1734 subtrahunt,
1021 1675 1084 1717 cum

77 1744 113 1802 sit
129 1743 241 1800 iustum
257 1739 421 1801 LXXXllll
443 1759 460 1801 e
478 1740 562 1800 libris
577 1743 698 1819 signari.
732 1743 822 1819 igitur
839 1760 886 1803 ars
902 1743 979 1803 iacta
998 1741 1083 1802 dena·

76 1829 138 1887 rios
156 1825 306 1904 probare,
328 1834 384 1885 tarn
408 1824 530 1886 iucunda
545 1824 644 1902 plebei
666 1825 734 1903 lege
757 1835 788 1886 ut
805 1824 898 1888 llario
916 1825 1082 1887 Gratidiano

77 1912 196 1972 vicatim
210 1918 286 1970 totas
303 1917 411 1970 statuas
427 1909 577 1970 dicaverit.
605 1911 777 1990 mirumque,
793 1911 821 1970 in
836 1911 890 1972 bac
904 1911 1008 1972 artium
1019 1909 1082 1970 sola

49 1997 150 2056 aritia
162 1995 313 2055 discuntur
325 2003 355 2054 et
370 1993 435 2056 ialsi
446 1993 546 2055 denari
562 2003 711 2072 spectatur
726 1996 877 2074 exemplar
891 1994 1083 2075 pluribusque

79 2083 159 2141 veris
174 2080 304 2140 denariis
320 2078 498 2139 adulterinus
517 2081 629 2138 emitur.

156 2166 205 2226 10.
229 2165 313 2242 (47.)
335 2162 401 2222 Non
422 2171 485 2224 erat
501 2162 577 2241 apud
597 2165 733 2241 antiquos
750 2183 886 2225 numerus
901 2164 976 2224 ultra
992 2182 1060 2225 cen·
1074 2175 1126 2229 133

80 2258 138 2309 tum
158 2249 257 2326 milia,
281 2249 380 2326 itaque
406 2255 435 2308 et
458 2247 546 2307 bodie
562 2247 786 2326 multiplicantur
803 2248 890 2325 baec,
917 2258 947 2308 ut
963 2249 1082 2310 deciens

80 2342 207 2395 centena
222 2342 270 2392 aut
285 2335 403 2410 saepius
419 2331 558 2392 dicantur.
603 2331 705 2392 laeuus
727 2332 783 2394 luoc
803 2335 875 2394 fecit
894 2351 1082 2412 nummusque

50 2435 258 2498 repercussus,
281 2425 312 2477 ot
335 2419 378 2476 sic
403 2433 520 2494 quoque
536 2433 588 2476 aes
603 2415 727 2477 alienum
742 2419 894 2477 etiamnum
910 2417 1081 2496 appellatur.

81 2512 188 2583 postea
210 2502 326 2563 Diuites
349 2501 562 2579 cognominati,
590 2500 742 2562 dummodo
765 2510 863 2562 notum
887 2503 925 2560 sit
948 2519 1013 2561 eum
1033 2504 1081 2580 qui

81 2591 191 2667 primus
211 2587 268 2648 hoc
285 2602 449 2664 cognomen
464 2585 613 2663 acceperit
629 2584 785 2646 decoxisse
802 2586 996 2647 creditoribus
1013 2590 1082 2648 suis.

82 2691 119 2734 ex
134 2671 237 2734 eadem
248 2679 338 2749 gente
352 2668 392 2730 ll.
409 2668 532 2730 Crassus
548 2669 674 2747 negabat
689 2669 865 2749 locupletem
884 2690 952 2732 esse
967 2673 995 2731 ni
1014 2674 1061 2750 qui
1075 2682 1125 2738 134

81 2757 176 2818 reditu
192 2773 287 2816 annuo
303 2754 452 2833 legionem
465 2755 539 2814 tueri
555 2762 666 2832 posset.
687 2756 716 2813 in
732 2756 810 2832 agris
825 2753 882 2816 llS.
902 2752 1000 2839 {Feb-031
1015 2774 1083 2834 pos·

53 2841 158 2904 assedit
174 2838 329 2912 Quiritium
346 2847 415 2918 post
432 2837 540 2899 Sullam
561 2838 758 2899 divitissimus.
793 2857 849 2900 nec
863 2840 917 2900 luit
938 2842 1010 2900 satis
1026 2842 1081 2901 nisi

82 2935 173 2987 totum
189 2924 360 2987 Parthorum
375 2930 545 3002 usurpasset
562 2941 676 2999 aurum,
694 2932 781 3003 atque
797 2932 827 2984 ut
840 2926 1007 2985 memoriam
1021 2927 1082 3002 qui·

82 3012 146 3072 dem
167 3027 256 3090 opum
276 3010 481 3088 occupaverit,
499 3041 542 3053 —-
562 3008 641 3067 iurat
662 3008 737 3068 enim
762 3010 904 3068 insectari
919 3007 1082 3087 inexplebi-

82 3096 138 3156 lem
151 3097 238 3156 istam
251 3093 376 3155 habendi
391 3093 572 3172 cupidinem,
588 3127 625 3136 -
642 3090 749 3153 multos
769 3101 875 3170 postea
892 3095 1082 3170 eognovimus

84 3181 227 3241 servitute
242 3179 384 3240 liberatos
403 3177 621 3257 opulentiores,
637 3178 805 3256 pariterque
820 3179 873 3238 tris
890 3176 990 3238 Claudi
1006 3182 1083 3258 prin·

55 3268 191 3344 sscipatu,
206 3264 296 3344 paulo
307 3273 386 3342 ante,
401 3260 562 3338 Callistum,
578 3261 755 3340 Pallantem,
771 3260 945 3323 Narcissum.
975 3271 1062 3342 atque
1074 3274 1124 3331 135

84 3359 114 3409 ut
132 3350 160 3411 lui
184 3351 372 3425 omittantur,
395 3356 536 3426 tamquam
558 3345 649 3406 adhuc
666 3364 762 3406 rerum
779 3349 942 3426 potiantur,
965 3345 998 3408 G.
1017 3349 1083 3408 dsi-

85 3437 130 3495 nio
149 3433 233 3495 Gallo
253 3430 286 3498 (i.
303 3432 413 3493 biarcio
430 3429 593 3492 Censorino
610 3449 688 3492 coss.
708 3450 734 3492 a.
750 3431 778 3493 d.
794 3431 844 3492 v1.
861 3429 927 3492 llal.
942 3431 1031 3492 Febr.
1048 3430 1081 3490 0.

86 3516 229 3581 Caecilius
246 3516 384 3580 Claudius
398 3516 530 3577 Isidorus
555 3523 731 3577 testamento
750 3533 804 3576 suo
826 3515 933 3591 edixit,
954 3515 1082 3590 quamvis
