2468 3896
183 248 265 296 nar.
281 247 374 297 aran.
390 249 531 296 xxnuu.
545 247 587 300 ua.
604 237 842 315 (55.)—xxxv.
858 249 882 300 a.
900 238 958 322 (a.)
1034 240 1074 301 67

73 421 146 464 vero
162 403 191 464 iu
208 411 300 464 totum
314 422 330 464 a
344 404 535 465 marmoribus
551 403 650 484 pulsa,
667 406 721 465 iam
737 405 852 485 quidem
868 415 898 468 et
915 425 1003 486 auro,
1019 426 1074 468 nec

74 496 179 549 tautum
200 496 232 548 nt
248 489 377 566 parietes
393 490 448 549 toti
470 490 656 568 operiantur,
680 509 781 552 verum
796 499 827 552 et
841 495 986 553 interraso
1001 510 1074 553 mar·

73 589 153 634 more
168 572 426 651 vermiculatisque
438 572 472 633 ad
490 574 606 652 efligies
623 593 720 635 rerum
737 583 767 636 et
782 575 942 636 animalium
957 578 1072 637 crustis.

72 675 127 718 non
143 655 328 736 placentiam
340 658 422 718 abaci
437 676 492 718 uec
503 660 597 737 spatia
607 660 712 719 montis
724 660 753 719 in
764 659 899 720 cubiculo
912 661 1069 737 dilatantia,
1085 673 1102 727 3

55 743 223 820 accepimus
246 750 277 802 et
299 741 395 821 lapide
410 743 544 822 pingere.
580 742 637 803 boc
659 740 759 805 Claudi
784 746 946 824 principatu
974 747 1073 805 inven-

72 835 144 902 tum,
167 824 298 888 Neronis
313 844 386 887 vero
401 827 529 888 maculas
545 845 619 907 quae
637 844 695 888 non
710 837 811 889 esseut
829 831 858 890 in
875 831 981 890 crustis
997 832 1073 889 inse-

71 910 162 971 rendo
181 911 322 971 unitatem
337 914 469 990 variare,
490 920 520 971 nt
536 920 639 972 ovatus
655 922 737 974 esset
753 910 937 991 Numidicus,
961 922 993 973 ut
1008 933 1074 994 pur·

72 1013 140 1074 pura
152 995 387 1072 distingueretur
402 994 591 1073 Synnadicus,
608 996 733 1076 qualiter
745 997 813 1058 illos
828 1001 908 1058 nasci
921 1007 1073 1078 optassent

71 1079 203 1141 deliciae.
241 1081 379 1140 montium
406 1079 479 1142 haec
501 1081 630 1142 subsidia
651 1081 862 1159 deficientium,
894 1102 949 1144 nee
976 1093 1073 1145 cessat
1157 1133 1159 1136 .

45 1163 182 1225 nluxuria
203 1165 232 1224 id
250 1182 339 1243 agere
358 1172 490 1244 utquam
507 1165 668 1245 plurumum
680 1166 824 1227 incendiis
839 1167 950 1246 perdat.

129 1248 228 1334 2(2.)
253 1248 410 1327 Imaginum
431 1249 547 1328 quidem
571 1250 701 1329 pictura,
725 1268 781 1329 qua
808 1269 939 1312 maxume
960 1252 1099 1316 simitesa

71 1335 97 1392 in
111 1351 219 1394 aevom
244 1333 481 1413 propagabantur
503 1335 631 1412 figurae,
658 1336 687 1394 in
709 1343 800 1395 totum
820 1335 959 1396 exolevit.
991 1338 1072 1397 aerei

71 1427 217 1497 ponuntur
232 1417 331 1497 clipei,
347 1427 507 1496 argenteae
521 1419 611 1479 iacies
622 1418 710 1479 surdo
727 1420 880 1496 figurarum
896 1419 1072 1495 discrimine,

72 1509 228 1563 statuarum
248 1505 343 1582 capita
365 1512 580 1581 permutantur,
603 1503 728 1581 volgatis
754 1505 809 1564 iam
831 1503 942 1582 pridem
961 1504 1071 1564 salibus

45 1589 156 1647 raetiam
171 1589 335 1648 carminum.
363 1586 436 1648 adeo
448 1589 597 1648 materiam
608 1588 739 1666 conspici
757 1587 864 1648 malunt
876 1605 976 1648 omnes
990 1606 1072 1666 quam

6 1689 8 1730 ÷
71 1691 101 1732 se
117 1673 215 1733 nosci.
249 1680 280 1731 et
295 1675 373 1732 inter
392 1671 465 1732 haee
485 1672 690 1750 pinacothecas
707 1672 857 1732 veteribus
876 1672 981 1732 tabulis
1004 1690 1072 1732 con·

6 1767 7 1832 j
71 1765 153 1816 suunt
179 1755 350 1834 alienasque
372 1757 487 1834 effigies
509 1756 624 1834 colunt,
646 1757 703 1836 ipsi
724 1756 866 1817 honorem
885 1775 943 1818 non
966 1759 1021 1817 nisi
1043 1758 1072 1816 in

70 1843 165 1920 pretio
183 1841 337 1917 ducentes,
356 1849 386 1900 ut
401 1841 515 1919 frangat
529 1840 617 1901 heres
633 1842 765 1920 iurisque
780 1841 913 1902 detrahat
928 1841 1070 1921 laqueum.

71 1929 168 2005 itaque
199 1924 306 1984 nullius
332 1925 432 2002 effigie
454 1927 574 1986 vivente
588 1927 728 2003 imagines
745 1927 905 2005 pecuniae,
924 1944 983 1987 non
1000 1938 1099 1990 suast

45 2011 222 2074 areliucuut.
245 2009 333 2069 iidem
343 2008 504 2088 palaestras
516 2009 686 2070 athletarum
698 2010 869 2089 imaginihus
882 2019 912 2072 at
925 2019 1071 2072 ceromata

71 2113 117 2156 sua
136 2101 302 2173 exornant,
318 2092 472 2173 Epicurius
494 2094 591 2155 voltus
613 2111 667 2173 per
682 2095 813 2156 cubicula
829 2104 946 2173 gestant
967 2114 1001 2156 ac
1018 2097 1071 2155 eir·

70 2181 233 2240 sumserunt
260 2197 367 2240 secum.
395 2179 491 2242 natali
523 2181 586 2239 eius
609 2179 789 2257 sacrificant,
820 2180 967 2258 feriasque
994 2181 1069 2240 omni

69 2283 170 2326 nense
192 2263 362 2324 custodiunt
378 2265 516 2324 vicesima
532 2264 598 2324 luna
616 2281 686 2342 quas
707 2263 803 2324 icadas
819 2273 942 2342 vocant,
966 2265 995 2324 hi
1013 2281 1070 2324 ma·

69 2369 153 2410 nume
171 2349 222 2428 qui
245 2367 279 2409 se
299 2367 337 2408 ne
354 2350 479 2409 viventis
504 2348 618 2426 quidem
641 2350 722 2407 nosci
740 2347 850 2408 volunt.
882 2350 922 2408 ita
942 2359 988 2409 est
1003 2366 1071 2427 pro·

43 2435 164 2496 alecto:
183 2434 256 2494 artis
272 2432 383 2493 desidia
398 2433 542 2512 perdidit,
559 2441 589 2493 et
604 2433 740 2512 quoniam
756 2434 913 2492 animorum
928 2434 1070 2510 imagines

68 2537 123 2580 nou
140 2525 227 2594 sunt,
244 2516 440 2595 negleguntur
456 2519 542 2578 etiam
557 2534 721 2596 corporum.
749 2516 834 2576 aliter
848 2516 924 2596 apud
940 2518 1066 2578 maiores
1081 2526 1099 2582 6

67 2607 94 2664 in
109 2604 195 2664 atriis
213 2601 379 2675 haeserant
396 2620 470 2680 quae
485 2610 697 2680 spectarentur,
714 2618 772 2661 non
788 2602 870 2678 signa
884 2603 1070 2663 externorum

70 2689 228 2763 artificum,
254 2704 309 2747 nec
327 2705 395 2747 aera
413 2695 463 2746 aut
481 2702 642 2764 marmora,
664 2686 798 2764 expressi
817 2702 886 2746 cera
902 2686 998 2747 voltus
1013 2689 1070 2748 sin·

69 2773 144 2852 gulis
164 2771 396 2850 disponebantur
411 2771 558 2848 armariis,
577 2778 607 2830 ut
624 2776 724 2830 esseut
736 2771 876 2848 imagines
893 2788 966 2849 quae
983 2774 1070 2832 eomi-

42 2864 204 2918 tttarentur
218 2854 368 2934 gentilicia
385 2856 504 2933 lunera,
525 2873 700 2934 semperque
717 2853 854 2915 defuncto
877 2855 974 2934 aliquo
991 2864 1069 2915 totus

70 2941 171 3004 aderat
186 2939 315 3000 familiae
336 2940 398 3000 eius
415 2941 464 3018 qui
487 2957 616 3018 umquam
638 2939 734 2998 iuerat
755 2937 889 3017 populus.
922 2946 1070 2998 stemmata

70 3044 142 3088 vero
166 3025 245 3085 liniis
266 3024 467 3087 discurrebant
482 3024 517 3085 ad
534 3025 674 3102 imagines
689 3023 789 3101 pictas.
816 3022 943 3083 tabulina
963 3023 1098 3088 ecdici-t

71 3111 123 3172 bus
138 3109 328 3189 inplebantur
341 3116 371 3169 et
382 3110 565 3170 monimentis
579 3126 676 3171 rerum
687 3108 717 3166 in
730 3107 899 3184 magistratu
912 3115 1068 3184 gestarum.

73 3195 147 3256 aliae
159 3196 234 3256 loris
250 3203 280 3255 et
291 3196 367 3255 circa
378 3193 475 3254 limina
493 3195 649 3254 animorum
665 3192 824 3270 ingentium
835 3191 975 3270 imagines
988 3200 1070 3252 eraut

44 3281 174 3342 asadhxis
204 3279 330 3341 hostium
353 3279 456 3358 spoliis
479 3296 553 3356 quae
576 3297 631 3338 nee
660 3278 784 3355 emptori
805 3275 933 3354 refigere
954 3277 1069 3352 liceret,

75 3364 344 3444 triumphabantque
360 3364 445 3424 etiam
461 3362 582 3424 dominis
600 3362 715 3422 mutatis
737 3368 851 3440 emptae
867 3361 978 3422 domus.
1009 3368 1071 3418 erat

74 3449 148 3510 haec
163 3447 320 3509 stimulatio
337 3449 442 3526 ingens
454 3446 699 3527 exprobrantibus
712 3446 796 3505 tectis
814 3445 921 3505 cotidie
933 3443 1071 3503 inbellem

77 3533 218 3594 dominum
241 3534 350 3594 intrare
373 3535 403 3593 iu
431 3531 554 3592 alienum
581 3529 762 3608 triumphum.
799 3526 910 3669 Exstbaq
923 3523 1098 3586 messalaea
