2510 3898
156 186 215 248 too
494 195 523 244 e.
546 194 643 242 amns
665 193 815 242 accusor

155 354 240 419 caelo
253 351 417 429 flammam,
434 358 535 412 contra
549 349 648 411 radios
666 348 739 409 solis
753 346 930 424 scintillare,
945 365 1029 410 ceras
1042 349 1175 426 signam
1220 390 1223 395 -

112 449 147 505 96
158 439 235 499 tibus
254 437 299 497 his
313 434 480 514 liquescere
490 477 500 513 ,
527 436 656 514 quamvis
674 435 704 493 in
719 451 822 512 opaco.
852 430 935 494 Multi
953 430 1159 494 1991999091-

155 523 306 584 chedoniis
322 519 505 582 candidiores
522 538 590 581 este
607 527 668 579 919
683 517 801 580 diverso
819 516 1006 578 inclinatione
1021 516 1159 578 hebetari

155 609 323 686 scripsere,
347 605 500 666 etiamnum
524 604 554 664 in
570 601 778 664 Carchedoniis
804 601 930 663 maribus
950 601 1064 663 stellam
1079 603 1161 662 intus

155 691 277 768 ardere,
298 692 419 751 feminas
435 688 579 767 fulgorem
596 689 761 750 universum
777 686 899 747 lundene
914 696 998 748 extra
1013 705 1065 764 sc,
1088 685 1181 752 Ala-s

155 776 296 838 baudicos
316 775 463 852 nigriores
482 774 591 834 ceteris
614 791 682 834 csse
699 771 888 850 senioresque.
928 769 966 831 Et
981 773 1058 833 circa
1073 769 1159 832 llile·

155 869 212 920 tum
236 867 393 920 nascuntur
411 859 441 918 in
456 865 535 918 terra
554 857 666 918 eoloris
682 855 811 918 eiusdem
837 857 933 933 ignem
950 857 1074 916 minume
1091 875 1159 916 sen-

110 954 143 1010 97
157 945 273 1006 tientes.
304 941 522 1022 Theophrastus
539 949 640 1002 auctor
657 951 702 1002 est
720 949 750 1000 et
765 942 794 1000 in
813 939 996 1001 Orchomeno
1012 940 1159 1002 Arcadiae

154 1029 278 1090 inveniri
298 1034 328 1086 et
344 1029 373 1087 in
392 1025 478 1102 Chio,
494 1025 562 1087 illos
577 1027 724 1104 nigriores
741 1043 760 1085 e
776 1025 880 1104 quibus
899 1033 928 1085 et
943 1024 1064 1104 specula
1082 1025 1157 1085 lieri.

155 1131 223 1176 asse
246 1119 277 1173 et
301 1110 484 1172 Troezenios
505 1111 605 1172 varios
635 1110 899 1170 intervenientibus
924 1108 1043 1171 maenlis
1070 1109 1160 1188 albis,
1171 1137 1196 1178 rr

153 1199 224 1261 item
242 1195 428 1272 Corinthios,
446 1194 501 1256 sed
522 1194 693 1274 pallidiores
708 1194 847 1272 candido,
866 1193 1026 1256 alllassilia
1039 1211 1158 1274 qnoque

153 1283 304 1360 inportari.
340 1279 473 1342 Bocchus
498 1289 527 1342 et
552 1281 581 1341 in
604 1279 803 1358 Olisiponensi
824 1281 888 1340 erui
910 1280 1027 1358 scripsit
1050 1297 1158 1357 magno

153 1366 256 1428 labore
272 1366 310 1426 ob
322 1365 456 1445 argillam
466 1365 523 1427 soli
538 1365 641 1426 adusti.

111 1461 145 1517 98
217 1447 299 1533 (26.)
329 1450 394 1512 Nee
418 1460 465 1512 est
496 1449 573 1512 eliud
598 1449 746 1511 difficilius
771 1467 854 1528 quam
883 1449 1054 1510 discernere
1083 1448 1158 1511 haec

152 1554 280 1614 genera,
303 1545 380 1596 tanta
398 1544 444 1596 est
461 1537 490 1596 in
506 1534 563 1595 illis
582 1536 698 1596 occasio
716 1535 788 1595 artis
802 1533 925 1594 subditis
941 1551 995 1613 per
1006 1532 1085 1612 'quac
1100 1543 1158 1594 tra-
1169 1561 1195 1602 rs

153 1620 254 1681 lucere
270 1629 420 1698 cogantur.
458 1622 536 1680 aiunt
558 1618 730 1680 hebetiores
751 1620 780 1678 in
796 1627 881 1696 aceto
896 1627 1059 1679 maceratos
1075 1629 1157 1698 quat·

147 1705 315 1783 'tuordecim
339 1704 441 1765 diebus
459 1706 626 1780 nitescere,
648 1702 771 1763 totidem
791 1703 941 1764 mensibus
966 1703 1088 1764 durante
1102 1704 1157 1764 ful·

153 1805 237 1866 gere.
275 1787 473 1848 adulterantur
495 1789 570 1848 vitro
593 1787 753 1864 simillime,
775 1787 828 1848 scd
850 1796 918 1848 cote
936 1787 1156 1867 deprehendun-

154 1881 212 1949 tur,
224 1873 298 1932 sient
309 1871 383 1932 aliae
394 1889 538 1949 gammae,
552 1872 625 1931 lictis
639 1872 714 1934 enim
725 1867 842 1932 mollior
853 1875 972 1934 materia
983 1873 1156 1952 fragilisque

155 1965 208 2016 est.
239 1963 392 2016 centrosas
416 1963 484 2016 cote
505 1954 726 2032 deprehendunt
751 1963 781 2016 et
805 1955 936 2033 pondere
965 1959 1044 2036 qrrod
1063 1960 1195 2026 minusca

154 2048 200 2100 est
221 2041 251 2101 in
275 2040 394 2116 vitreis,
419 2038 573 2117 aliquando
594 2047 624 2100 et
650 2038 761 2118 pusulis
783 2042 896 2118 argenti
919 2041 1005 2102 modo
1023 2043 1157 2105 relucen-

155 2123 240 2183 tibus.

111 2219 145 2274 99
220 2207 302 2286 (27.)
325 2203 379 2267 llst
400 2217 430 2268 et
448 2207 616 2268 anthracitis
634 2208 780 2287 appellata
800 2210 831 2268 in
845 2207 1022 2288 Thesprotia
1043 2212 1157 2272 fossilis

154 2291 329 2353 carbonibus
348 2292 458 2353 similis.
490 2290 593 2354 falsum
610 2291 738 2353 arbitrer
755 2293 832 2373 quod
850 2303 881 2354 et
895 2296 925 2354 in
939 2294 1056 2374 Liguria
1076 2300 1156 2358 nasci

154 2376 355 2455 prodiderunt,
371 2379 426 2438 nisi
442 2377 520 2438 forte
536 2385 602 2438 tune
617 2379 820 2440 nascebantur.
843 2397 911 2440 esse
928 2382 956 2440 in
972 2383 1008 2441 iis
1026 2390 1057 2440 et
1071 2400 1193 2461 prae-as

153 2463 262 2522 cinctas
285 2461 402 2523 candida
423 2479 496 2524 vena
517 2461 642 2525 tradunt.
659 2461 775 2528 ,harum
797 2465 901 2542 igneus
917 2463 1001 2524 color
1022 2473 1053 2524 ut
1069 2485 1158 2544 supe·

153 2547 279 2622 riorum,
300 2546 354 2607 sed
379 2547 528 2626 peculiare
554 2547 631 2625 quod
655 2547 779 2610 iactatae
801 2551 829 2609 in
855 2551 952 2625 ignem
969 2547 1051 2608 velut
1066 2551 1158 2612 inter·

153 2639 285 2691 mortuae
302 2632 523 2708 exstinguntur,
538 2639 640 2692 contra
656 2633 738 2710 aquis
754 2635 891 2713 perfusae
909 2633 1111 2694 exardescunt.

113 2726 163 2778 100
219 2711 302 2793 (28.)
328 2712 458 2792 Cognata
481 2724 527 2776 est
545 2724 576 2776 et
592 2717 760 2778 sandastros
776 2736 858 2796 quarn
876 2717 963 2797 aliqui
981 2716 1158 2782 Garamanti-

154 2815 216 2858 cam
230 2806 345 2860 vocant.
377 2801 505 2860 nascitur
524 2801 553 2860 in
572 2798 649 2860 lndis
666 2800 732 2862 loeo
750 2803 880 2864 eiusdem
898 2805 1029 2864 seminis.
1062 2805 1196 2884 gigni-so

154 2892 200 2942 tur
224 2891 256 2944 et
277 2885 307 2943 in
329 2883 439 2944 Arabia
459 2882 493 2944 ad
514 2882 663 2945 meridiem
685 2905 779 2947 versa.
816 2889 1028 2950 commendatio
1049 2908 1155 2951 summa

155 2967 232 3046 quod
249 2967 341 3028 veluti
355 2970 384 3030 in
402 2967 542 3030 tralucido
558 2969 633 3045 ignis
653 2978 791 3048 optentus
807 2971 989 3034 stellantibus
1006 2974 1099 3053 fulget
1113 2975 1155 3034 in·

155 3059 200 3112 tus
214 3053 311 3113 aureis
327 3055 434 3130 guttis,
451 3071 568 3132 semper
582 3055 612 3113 in
628 3072 771 3133 corpore,
793 3075 942 3136 numquam
958 3061 987 3118 in
1003 3068 1080 3123 cute.
1109 3077 1155 3120 ae·

154 3135 232 3194 cedit
253 3144 283 3196 et
303 3136 409 3215 religio
431 3147 545 3199 narrata
566 3139 691 3199 siderum
716 3143 908 3220 cognatione,
932 3146 1067 3222 quoniam
1090 3145 1156 3206 fere

153 3217 275 3295 hyadum
300 3221 493 3301 dispositione
515 3241 549 3282 ac
564 3241 683 3285 nurnero
706 3225 874 3305 stellantur,
895 3227 933 3288 ob
957 3229 985 3289 id
1003 3227 1194 3292 chaldaetssc

63 3353 66 3358 .
113 3315 162 3367 191
175 3305 204 3364 in
225 3306 409 3370 caerimoniis
428 3306 554 3370 habitae.
592 3307 631 3368 Et
652 3308 809 3372 hiemares
830 3313 986 3373 austeritas
1003 3313 1156 3392 distinguit

154 3396 185 3448 et
207 3390 320 3468 quidam
346 3393 432 3470 vigor
459 3393 592 3472 adposita
613 3395 766 3472 tinguens,
793 3395 908 3458 indicae
932 3398 1047 3476 quidem
1069 3402 1156 3461 etiam

154 3471 297 3536 hebetare
318 3477 398 3538 visus
413 3477 552 3540 dicuntur.
587 3476 721 3540 blandior
736 3481 851 3542 feminis
874 3481 999 3562 flamma,
1018 3483 1155 3546 adlucens
