2510 3898
191 226 271 275 nan.
286 227 379 276 mrsu.
395 227 517 276 xxxvi.
530 223 575 280 tt.
591 221 650 296 (oo.
661 222 866 296 )—-xxxv11.
885 233 908 286 1.
926 219 984 305 (t.)
1040 225 1097 288 143

104 381 214 444 elusum
233 382 313 444 ferro
332 401 366 444 ac
383 383 475 462 digito
496 384 715 464 circumdatum,
739 385 796 448 boc
817 389 908 450 luisse
932 390 1044 451 anulum
1069 402 1099 452 et

103 467 160 528 boc
175 485 323 544 gemmam.

167 549 238 631 Cap.
255 555 280 612 l.
296 553 357 633 (2.)
370 545 421 613 llis
432 555 521 614 initiis
534 554 634 633 eoepit
644 557 802 618 auctoritas
813 559 843 618 in
854 566 960 619 tanturn
974 573 1130 626 amorem3

103 637 179 698 elata
194 644 226 695 ut
240 635 386 714 Polycrati
401 636 498 698 Samio
518 637 673 699 insularum
689 658 723 701 ac
738 641 853 702 litorum
869 651 992 720 tyranno
1007 645 1100 706 felici·

82 722 171 782 utatis
188 738 275 798 snae,
296 740 380 800 quam
399 723 513 783 nimiam
528 723 674 784 fatebatur
688 727 774 786 etiam
791 728 856 806 ipse
871 729 918 806 qui
934 728 1007 788 ielix
1023 739 1098 807 erat,

102 807 173 866 satis
191 806 325 884 piamenti
340 808 371 866 in
390 808 474 868 unius
490 825 622 886 gemmae
636 807 803 871 voluntario
820 811 922 873 damno
939 811 1098 892 uideretur,

101 892 127 950 si
153 907 218 950 cum
240 889 387 952 Fortunae
412 891 596 953 volubilitate
623 894 703 972 paria
728 894 866 975 iecisset,
894 896 1039 976 planeque
1063 899 1098 958 ab

101 974 209 1035 invidia
225 976 288 1034 eius
304 975 416 1037 abunde
431 995 465 1038 se
477 977 578 1038 redimi
593 986 725 1056 putaret,
743 981 767 1039 si
781 978 838 1041 boc
852 999 940 1042 unum.
954 982 1100 1044 doluisset

101 1057 220 1118 adsiduo
232 1055 338 1132 gaudio
351 1058 454 1119 lassus.
488 1081 562 1141 ergo
580 1071 737 1140 provectus
754 1066 870 1143 navigio
883 1067 914 1126 in
929 1064 1016 1125 altnm
1032 1075 1129 1128 anu-4

69 1141 160 1202 mlum
179 1143 289 1207 mersit.
322 1151 351 1203 at
376 1143 455 1205 illum
476 1146 565 1222 piscis
589 1149 694 1206 eximia
713 1148 909 1227 magnitudine
929 1151 994 1227 regi
1015 1157 1098 1209 natus

101 1244 189 1288 escae
211 1228 276 1288 vice
293 1234 421 1307 raptum,
442 1237 474 1289 ut
487 1229 598 1290 iaceret
615 1239 776 1310 ostentum,
805 1233 835 1291 iu
856 1231 950 1290 culina
981 1231 1097 1293 dominc

99 1329 200 1371 rursus
215 1311 363 1373 Fortunae
379 1313 541 1375 insidiantis
555 1332 638 1374 manu
652 1314 784 1376 reddidit.
811 1316 1021 1394 sardonychem
1035 1334 1099 1379 eam

99 1413 240 1472 gemmam
262 1396 353 1458 inisse
370 1406 501 1476 constat,
522 1398 736 1479 ostenduntque
753 1400 883 1477 Romae,
900 1403 924 1460 si
942 1400 1097 1477 credimus,

15 1496 20 1563 p
99 1481 130 1539 in
147 1477 328 1542 Concordiae
351 1481 474 1543 delubro
493 1500 584 1544 cornu
596 1501 685 1544 nureo
697 1483 850 1563 Augustae
864 1485 941 1545 dono
960 1484 1098 1545 inclusam

15 1594 20 1611 ·
67 1587 90 1626 ιι
100 1572 132 1624 et
147 1566 334 1626 novissimum
348 1584 442 1646 prope
457 1567 552 1629 locum
567 1576 612 1628 tot
628 1567 768 1647 praelatis
781 1570 972 1648 optinentem.

163 1649 224 1728 (3.)
238 1648 310 1710 Post
325 1649 400 1711 hunc
411 1650 523 1712 anulum
538 1653 619 1730 regis
632 1652 753 1713 alterius
768 1654 797 1713 in
816 1654 890 1714 fama
908 1661 954 1714 est
974 1666 1127 1731 gemmae

97 1730 201 1809 Pyrrbi
222 1732 300 1794 illins
323 1736 371 1813 qui
393 1734 533 1796 adversus
548 1735 695 1798 Romanos
713 1737 821 1798 bellum
836 1739 939 1817 gessit.
976 1755 1098 1816 namque

97 1815 238 1878 habuisse
267 1816 372 1880 dicitnr
396 1818 519 1880 achaten
541 1822 571 1880 in
598 1838 657 1898 qna
679 1839 785 1882 novem
805 1820 907 1884 hlnsae
934 1830 964 1884 et
987 1821 1097 1901 Apollo

98 1901 238 1962 citharam
253 1910 357 1963 teneus
378 1910 598 1982 spectarentur,
619 1922 677 1966 uon
698 1913 761 1968 erte
783 1905 836 1968 sed
854 1914 974 1968 naturae
990 1914 1097 1985 sponte

66 1986 139 2048 mita
157 1985 386 2048 discurrentibus
408 1987 527 2048 maculis
544 1997 574 2048 nt
589 1986 680 2050 hinsis
696 2008 813 2071 quoqne
830 1991 951 2069 singulis
967 2008 1019 2052 sua
1034 1989 1098 2050 red·

98 2070 240 2132 derentur
254 2072 389 2150 insignia.
422 2090 477 2133 neo
492 2072 597 2134 deinde
612 2073 668 2134 alia
683 2092 757 2152 quae
774 2074 902 2135 tradatur
917 2084 1130 2154 magnopereb

97 2173 272 2234 gemmarum
288 2155 404 2217 claritas
421 2165 517 2218 exstat
532 2157 607 2235 apud
621 2166 774 2237 auctores,
789 2168 993 2239 praeterquam
1008 2158 1098 2219 lsme·

97 2242 165 2302 nien
184 2239 343 2302 choraulen
365 2241 462 2302 multis
482 2241 723 2322 fulgentibusque
740 2245 781 2304 nti
806 2243 923 2304 solitum
942 2245 1097 2305 comitante

95 2325 195 2386 tabula
207 2326 362 2386 vanitatem
377 2327 457 2404 eius,
473 2325 599 2387 iudicato
611 2328 641 2387 in
653 2323 751 2406 Cypro
768 2345 823 2388 sex
835 2329 931 2388 aureis
944 2327 1097 2404 zmaragdo

63 2409 147 2472 cubi
169 2417 234 2470 erat
254 2409 366 2490 scalpta
379 2410 558 2489 Amymone,
579 2412 704 2472 iussisse
725 2413 869 2473 numerari
891 2419 939 2489 et,
959 2428 1023 2471 cum
1040 2410 1097 2470 dno

95 2493 182 2555 relati
194 2502 314 2571 essent,
330 2494 423 2574 male,
436 2494 581 2573 llerculo,
598 2496 721 2573 iactum,
743 2495 871 2573 dixisse,
893 2495 1010 2554 multum
1022 2496 1098 2554 enim

95 2577 257 2640 detractum
273 2597 406 2658 gemmae
419 2579 562 2658 dignitati.
588 2579 636 2641 bic
647 2579 761 2641 ridetur
776 2579 983 2641 instituissent
998 2587 1126 2644 omnes?

94 2665 224 2724 musicae
242 2665 313 2724 artis
337 2663 391 2725 hac
411 2681 529 2744 quoqne
551 2667 752 2726 ostentatione
774 2671 983 2743 censerentur,
1005 2662 1097 2724 veluti

95 2747 321 2825 Dionysodorus
337 2749 468 2828 aequalis
489 2750 553 2810 eius
574 2755 604 2810 et
622 2749 768 2828 aemulus,
788 2757 820 2809 ut
840 2749 883 2810 sic
904 2765 1021 2828 qnoque
1045 2765 1098 2825 par

63 2832 265 2911 occideretur,
291 2834 339 2912 qui
368 2835 472 2896 tertius
498 2833 603 2896 eodem
633 2841 766 2913 tempore
788 2834 865 2894 inter
886 2833 1011 2893 musicos
1033 2832 1097 2908 luit,

95 2915 290 2978 Nicomachus
317 2912 394 2970 eninr
415 2919 518 2972 multas
540 2919 648 2974 tanturn
663 2912 801 2974 habuisse
816 2929 944 2990 gemmas
965 2909 1098 2986 traditur,

69 3062 75 3074 .
100 2994 154 3056 sed
171 2993 250 3052 nulla
268 2995 376 3071 peritia
392 2995 511 3058 electas.
642 3033 647 3041 -

159 3081 235 3160 Sed,
256 3083 336 3144 forte
358 3083 478 3164 quadarn
493 3083 538 3145 hia
558 3084 701 3164 exemplis
718 3084 801 3144 initio
818 3081 971 3144 voluminis
990 3081 1127 3149 oblatis&

97 3165 239 3228 adversus
254 3168 329 3229 istos
345 3169 393 3248 qni
408 3169 464 3230 sibi
487 3167 541 3230 hae
557 3171 756 3231 ostentatione
771 3167 929 3247 adrogant,
950 3175 982 3227 ut
1005 3167 1098 3247 palan

62 3271 87 3313 aa
98 3252 137 3311 sit
152 3269 206 3313 eos
224 3244 374 3313 tibicinum
387 3252 483 3333 gloria
497 3260 625 3331 tumore,
640 3253 701 3333 (t.)
716 3252 879 3331 Polyemtis
896 3269 1008 3331 gemma
1022 3269 1097 3330 quae

97 3336 314 3398 demonstratur
328 3339 434 3398 intaeta
448 3337 626 3417 inlibataque
642 3347 699 3400 est.
727 3337 871 3399 ismeniae
882 3345 979 3398 aetate
989 3337 1096 3397 multos

98 3429 168 3500 post
186 3439 278 3484 annos
295 3421 415 3501 adparet
436 3422 529 3502 scalpi
545 3424 632 3484 etiam
653 3421 823 3500 zmaragdos
842 3421 957 3483 solitos.
994 3421 1098 3481 coniir·

9 3527 10 3588 p
97 3513 156 3566 mat
176 3505 251 3568 banc
271 3507 392 3569 eandem
414 3508 581 3585 opinionem
603 3507 726 3568 edictum
742 3506 902 3569 Alexandri
922 3503 1017 3581 blagni
1039 3519 1102 3582 quo
1166 3577 1171 3589 ι
