2468 3896
306 235 389 283 unu.
407 235 497 284 ursa.
514 236 650 284 xxxrrrr.
666 233 690 286 a.
711 235 735 288 3.
756 223 871 302 (2-7)
1048 225 1087 288 35

0 373 3 466 Ι
78 409 167 451 manu
190 389 244 451 sed
267 389 303 450 ad
326 391 472 452 hortunam
491 399 669 470 temperatur
687 393 716 451 in
737 391 899 452 simulacris
923 392 1086 471 signisque,

80 474 154 536 illud
180 492 235 534 suo
258 474 362 536 colore
387 475 546 552 pretiosum
564 475 600 536 ad
622 477 761 536 iocineris
778 476 931 553 imaginem
948 494 1087 554 vergens,

81 558 164 638 quod
189 559 257 620 ideo
282 558 441 637 hepatizon
462 559 627 638 appellant,
648 559 751 638 procul
770 577 786 620 a
805 556 974 637 Corinthio,
997 561 1087 638 louge

81 651 183 702 tamen
198 650 266 702 ante
279 641 484 721 Aegineticum
501 651 588 722 atque
603 642 763 721 Deliacum,
779 661 853 721 quae
870 644 918 704 din
933 646 1086 722 optinuere

60 727 285 807 sprincipatum.

144 811 210 890 (4;)
234 809 443 890 Antiquissima
464 812 540 872 aeris
561 811 657 888 gloria
676 810 798 873 Deliaco
818 813 873 872 luit
893 821 1036 872 mercatus
1055 813 1112 877 int

80 895 159 956 Delo
180 893 409 956 concelebrante
426 903 489 956 toto
509 893 599 972 orbo,
615 903 645 956 et
660 894 728 956 ideo
742 913 811 958 cura
828 895 962 959 officinis.
998 895 1086 957 tricli-

0 1051 1 1058 (
80 981 199 1040 niorum
216 977 339 1058 pedibus
354 979 512 1057 fulcrisque
528 979 569 1039 ibi
583 979 675 1058 prima
693 981 770 1042 aeris
785 979 934 1058 nobilitas,
952 982 1087 1059 peruenit

0 1075 1 1080 ’
80 1063 192 1124 deinde
204 1071 235 1124 et
250 1063 286 1123 ad
299 1062 384 1124 deum
396 1063 547 1124 simulacra
563 1063 749 1142 effigiemque
760 1063 904 1126 huminum
920 1073 950 1126 et
965 1063 1086 1125 aliorum

49 1147 256 1208 inanimalium.

145 1228 211 1314 (5.)
235 1230 378 1291 Proxuma
399 1229 461 1292 laus
481 1230 659 1308 Aeginetico
683 1230 745 1292 luit.
781 1233 874 1294 insula
892 1234 955 1312 ipsa
979 1240 1025 1293 est
1040 1269 1082 1279 -
1095 1243 1129 1296 lo

79 1335 136 1378 nec
152 1315 236 1396 quod
250 1315 290 1376 ihi
304 1315 488 1393 gigneretur,
505 1315 559 1376 sed
575 1315 752 1376 cilicinarum
768 1324 963 1396 temperatura
979 1351 1021 1362 -
1035 1334 1086 1378 no·

79 1401 208 1462 bilitata.
246 1399 300 1459 bos
318 1416 423 1461 aereus
445 1397 512 1460 iude
534 1407 634 1478 captus
651 1400 681 1460 in
697 1400 765 1460 loro
781 1398 884 1461 boario
902 1409 949 1461 est
964 1400 1084 1462 Romae.

78 1485 137 1546 hoc
159 1487 219 1545 erit
242 1483 392 1562 exemplar
411 1484 578 1561 Aeginetici
599 1485 694 1561 aeris,
715 1483 827 1545 Deliaci
845 1493 940 1545 autern
953 1483 1085 1564 luppiter

47 1572 108 1630 nin
123 1567 276 1648 Capitolio
291 1567 370 1630 loris
390 1569 517 1630 tonantis
539 1568 634 1631 aede·
650 1567 702 1628 illo
725 1585 794 1630 aere
812 1566 917 1646 Myron
939 1587 1007 1629 usus
1029 1577 1083 1640 est,

77 1655 136 1714 boc
151 1652 327 1730 Polyclitus,
345 1651 484 1731 aequales
499 1661 585 1733 atque
600 1652 802 1732 condiscipuli,
818 1653 871 1713 sed
885 1652 1040 1714 aemulatio
1055 1654 1083 1712 in

77 1738 204 1800 materia
219 1737 281 1797 luit.

143 1823 174 1884 3.
197 1821 257 1904 (6.)
276 1819 413 1882 Privatim
429 1821 542 1900 Aegina
557 1820 795 1882 candelabrorum
807 1821 991 1901 superficiem
1006 1820 1083 1882 dum·
1095 1831 1124 1883 11

79 1914 161 1968 taxat
181 1907 361 1984 elaboravit,
378 1907 453 1967 sicut
471 1904 625 1967 Tarentum
642 1923 756 1983 scapos.
788 1907 817 1965 in
831 1906 876 1968 his
897 1923 970 1984 ergo
983 1907 1084 1966 iuncta

48 1989 295 2053 ncommcndatio
312 1990 490 2052 ollicinarum
512 1998 566 2050 est.
602 2007 658 2050 nec
679 1989 770 2068 pudet
784 1991 965 2051 tribunorum
980 1988 1082 2050 milita-

79 2079 153 2137 rium
171 2074 286 2136 salariis
303 2093 419 2152 emere,
439 2093 501 2136 cum
516 2075 610 2153 ipsum
625 2092 730 2135 nomen
745 2092 762 2134 a
779 2073 961 2135 candelarum
977 2073 1083 2135 lumine

79 2161 242 2240 inpositum
258 2158 403 2238 adpareat.
442 2159 574 2222 accessio
595 2157 760 2220 candelabri
786 2159 852 2220 talis
876 2159 930 2220 luit
954 2157 1082 2220 Theonis

79 2247 165 2306 iussu
189 2245 344 2322 praeconis
369 2241 525 2322 Clesippus
550 2242 623 2303 lullo
638 2243 745 2320 gibber
761 2251 791 2303 et
808 2251 963 2321 praeterea
979 2240 1082 2303 etalio

0 2335 1 2338 ’
78 2329 187 2390 foedus
203 2327 354 2406 adspectu,
371 2335 485 2388 emente
500 2326 529 2387 id
542 2325 669 2404 Gegania
680 2325 735 2387 lis,
747 2329 780 2396 17.
797 2327 897 2388 eadem
913 2334 1125 2388 ostentantem

47 2415 108 2474 asin
132 2413 272 2474 convivio
296 2419 422 2491 emptum
439 2411 544 2473 ludibri
565 2429 650 2472 causa
670 2411 790 2472 nudatus
812 2419 897 2490 atque
914 2411 1083 2490 inpudentia

78 2497 214 2562 libidinis
232 2504 369 2574 receptus
384 2498 413 2558 in
435 2504 529 2557 torum
537 2541 546 2574 ,
561 2512 630 2556 mox
644 2497 675 2555 in
690 2503 911 2572 testamcutum,
927 2493 1081 2573 praedives

78 2583 228 2644 numinum
241 2583 306 2642 rice
321 2580 392 2641 illud
408 2579 610 2642 candelabrum
625 2579 715 2642 coluit
732 2589 762 2642 et
777 2578 850 2640 banc
868 2576 1026 2641 Corinthiis
1042 2578 1082 2640 ia·

1 2666 7 2749 ξ
78 2667 179 2729 hulam
196 2664 314 2742 adiecit,
327 2665 478 2727 vindicatis
495 2673 589 2726 tamen
603 2664 732 2725 moribus
749 2664 840 2725 nobili
856 2663 1012 2744 sepulchro
1029 2681 1083 2742 per

1 2774 7 2783 ·
79 2751 162 2832 quod
183 2758 304 2812 aeterna
325 2768 411 2830 supra
434 2758 528 2811 terras
545 2747 692 2826 Geganiae
708 2747 863 2810 dedecoris
878 2750 1017 2808 memoria
1034 2747 1083 2808 du·

46 2845 172 2898 roraret.
204 2834 258 2896 sed
275 2853 337 2896 cum
353 2853 421 2898 esse
436 2832 514 2896 nulla
530 2829 680 2894 Corinthia
695 2832 868 2896 candelabra
886 2841 1013 2908 constet,
1032 2849 1082 2891 no·

77 2940 146 2984 men
163 2919 193 2981 id
209 2922 367 3000 praecipua
379 2921 409 2980 in
423 2919 468 2980 his
483 2917 666 2992 celebratur,
683 2919 817 2995 quoniam
828 2915 942 2980 hlumrni
959 2915 1084 3003 victoria

0 3077 1 3082 ἵ
78 3004 254 3068 Corinthum
268 3003 383 3086 quidem
398 3003 501 3081 diruit,
519 3001 573 3064 sed
585 3020 601 3062 e
614 3000 803 3079 conpluribus
820 3000 951 3061 Achaiae
967 2998 1081 3079 oppidis

78 3089 166 3152 simul
183 3107 253 3150 aera
269 3087 415 3168 dispersit.

142 3175 178 3255 (7
181 3172 205 3254 .)
217 3171 309 3236 Prisci
321 3172 417 3236 limina
427 3174 554 3235 etiamac
565 3169 664 3232 valvas
676 3172 705 3231 in
713 3169 829 3251 templis
842 3189 879 3230 ex
891 3189 960 3231 aere
972 3169 1125 3232 factito-13

45 3271 163 3324 terere.
193 3259 313 3322 invenio
325 3266 382 3320 eta
411 3255 464 3320 Gn.
481 3254 603 3318 Octavio
618 3256 666 3334 qui
685 3254 721 3317 de
733 3253 846 3318 Perseo
863 3272 936 3332 rege
953 3253 1082 3314 navalem

79 3344 256 3426 triumphum
280 3345 342 3423 agit
362 3343 466 3406 iactam
481 3341 624 3421 porticum
646 3339 790 3419 duplicem
804 3339 839 3400 ad
859 3341 965 3401 circum
979 3337 1082 3399 Flami·

77 3433 158 3494 nium
174 3447 251 3512 quae
265 3427 416 3492 Corinthia
432 3429 471 3490 sit
487 3423 632 3506 appellata
647 3442 663 3486 a
677 3423 811 3504 capitulis
828 3425 923 3486 aereis
939 3422 1082 3484 columna-

78 3534 161 3593 rum,
177 3514 292 3576 Vestae
304 3531 420 3594 quoque
436 3511 539 3574 aedem
553 3512 645 3590 ipsam
657 3509 835 3587 Syracusana
851 3507 1007 3647 supprfioie
1021 3503 1081 3578 tegi
