2510 3898
141 219 200 282 144
482 233 512 281 e.
528 229 789 282 aurursncurunr

140 391 233 470 vetuit
251 387 281 445 in
297 386 351 446 hac
363 403 476 462 gemma
491 387 526 446 ab
543 386 601 447 alio
617 405 650 446 se
666 385 756 464 scalpi
773 404 856 464 quam
871 384 1058 463 aPyrgotele
1079 403 1138 446 non

139 471 227 532 dubie
246 471 407 532 clarissimo
429 471 498 531 artis
522 472 594 531 eius.
635 471 705 531 Post
725 488 789 529 eum
805 468 1000 554 Apollonides
1019 478 1049 529 et
1065 467 1139 530 Cru-

139 558 203 616 nius
221 557 251 617 in
269 556 363 634 gloria
378 556 462 616 luere
478 556 585 635 quique
603 554 661 616 divi
675 553 800 632 Augusti
818 555 972 632 imaginem
992 554 1138 617 simillime

138 642 305 720 expressit,
323 658 378 719 qua
393 647 498 718 postea
515 641 662 719 principes
678 640 811 716 signant,
827 637 1027 698 Dioscurides.
1058 638 1138 699 Sulla

109 737 126 794 9
138 725 262 786 dictator
274 725 429 785 traditione
438 722 595 802 Iugurthae
607 741 724 803 semper
736 724 871 800 signavit.
891 721 944 783 Est
954 722 1027 801 apud
1040 731 1160 784 aucto-⁵

138 828 187 870 res
207 818 237 870 ct
251 807 493 870 Intercatiensem
512 807 591 868 illum
610 809 691 869 cuius
713 815 824 886 patrem
840 806 939 886 Scipio
957 806 1138 868 Aemilianus

139 911 177 954 cx
203 894 414 973 provocatione
438 893 626 954 interiecerat
649 910 764 971 pugnae
786 894 849 953 eius
870 892 970 969 eiiigie
991 893 1137 970 signasse,

139 976 258 1055 volgato
279 976 400 1038 Stilonis
420 976 594 1038 Praeconini
617 977 697 1054 sale,
718 976 851 1055 quidnam
872 976 963 1037 inisse
983 977 1137 1054 iacturum,

96 1075 131 1130 ιο
139 1064 163 1123 si
179 1062 278 1140 Scipio
299 1079 315 1121 a
337 1070 420 1141 patre
437 1063 499 1122 eius
520 1063 712 1140 interemptus
735 1061 851 1122 luisset.
887 1059 971 1121 divos
986 1059 1137 1138 Augustus

137 1149 214 1207 inter
228 1147 309 1206 initia
325 1145 449 1226 sphinge
467 1147 600 1224 signavit.
633 1146 702 1206 duas
718 1147 747 1205 in
762 1146 861 1206 matris
876 1145 968 1206 anulis
985 1163 1034 1206 eas
1049 1144 1174 1205 indis-1⁰

138 1240 237 1291 cretae
253 1229 447 1290 similitudinis
458 1233 621 1291 invenerat.
650 1229 741 1290 altera
752 1249 805 1309 per
815 1229 893 1290 bella
904 1229 1000 1290 ciuilia
1012 1228 1136 1290 absente

138 1317 204 1394 ipso
219 1316 301 1375 amici
316 1316 471 1393 signavere
487 1314 630 1394 epistulas
642 1323 673 1375 et
688 1314 784 1375 edicta
796 1332 870 1393 quae
881 1315 957 1374 ratio
974 1322 1137 1393 temporum

136 1399 252 1460 nomine
268 1401 331 1460 eins
351 1398 433 1461 reddi
450 1398 633 1478 postulabat,
657 1417 715 1460 non
733 1399 851 1460 inficeto
871 1397 975 1478 lepore
993 1400 1137 1478 accipien-

137 1485 223 1561 tium,
244 1485 404 1562 aenigmata
420 1484 536 1544 adicrrc
552 1501 615 1544 eam
630 1483 790 1563 sphingem.
824 1485 933 1563 quippe
956 1485 1043 1544 etiam
1057 1481 1136 1544 Mae·

137 1570 248 1628 cenatis
266 1586 339 1629 rana
355 1587 409 1647 per
426 1567 608 1629 conlationes
634 1570 820 1647 pecuniarum
845 1569 875 1628 in
889 1585 994 1646 magno
1018 1575 1135 1629 terrore
1147 1583 1173 1622 1⁵

137 1661 210 1713 erat.
238 1651 388 1730 Augustus
403 1661 508 1730 postea
520 1651 555 1712 ad
571 1651 704 1713 evitanda
718 1653 850 1714 convicia
865 1651 996 1731 sphingis
1008 1652 1135 1736 Alexan·

136 1736 180 1797 dri
197 1735 294 1814 Magni
311 1738 436 1814 imagine
452 1738 585 1815 signavit.
651 1770 656 1776 -

95 1833 126 1886 11
200 1820 261 1900 (5.)
281 1817 412 1881 Gemmas
434 1821 542 1899 pluris,
569 1821 646 1899 qnod
668 1823 828 1900 peregrino
849 1821 997 1901 appellant
1018 1823 1135 1882 nominc

17 1899 21 1904 ”
136 1902 392 1982 dactyliothecam,
424 1907 532 1983 primus
566 1907 689 1966 omnium
718 1905 830 1968 Romae
859 1907 958 1967 hahuit
984 1907 1134 1985 privignus

137 1987 234 2049 Sullae
263 1987 406 2066 Scaurus,
437 1988 543 2066 diuque
571 1989 648 2050 nulla
679 1989 734 2050 alia
760 1990 830 2070 luit,
858 1990 953 2052 donec
977 1989 1133 2071 Pompeius
1144 2005 1172 2048 ao

136 2071 257 2151 Magnus
273 2090 347 2150 quae
363 2071 538 2134 Mithridatis
561 2075 642 2151 regis
665 2074 761 2136 iuerat
779 2075 856 2136 inter
877 2075 951 2136 dona
972 2075 1001 2134 in
1017 2072 1135 2154 Capito·

136 2157 176 2217 lio
193 2155 303 2217 dicaret
310 2199 321 2234 ,
354 2163 385 2214 ut
415 2159 505 2216 Varro
533 2161 641 2234 aliique
667 2162 770 2219 aetatis
805 2162 867 2219 eius
894 2169 1029 2222 auctores
1066 2176 1135 2220 con·

137 2241 264 2318 firmant,
292 2240 410 2300 multum
437 2240 593 2320 praelatam
620 2241 728 2304 Scauri.
775 2241 832 2303 hoc
859 2242 995 2324 exemplo
1025 2239 1135 2304 Caesar

135 2324 260 2386 dictator
282 2343 337 2386 sex
354 2325 581 2403 dactyliothecas
603 2327 633 2386 in
653 2327 727 2388 aede
743 2326 872 2388 Veneris
888 2325 1051 2389 Genetricis
1061 2326 1134 2389 ‘con-

135 2410 278 2487 secrevit,
300 2407 455 2471 Marcellus
473 2409 591 2472 Octauia
607 2412 723 2488 genitus
744 2413 773 2471 in
792 2412 865 2474 aede
883 2411 1004 2472 Palatini
1020 2411 1171 2492 Apolli-as

109 2513 179 2568 „ms
196 2511 286 2554 unam.

93 2589 127 2646 tt
201 2577 261 2657 (6.)
283 2576 414 2640 Victoria
437 2588 532 2640 tamen
553 2581 602 2641 illa
622 2579 743 2660 Pompei
765 2582 886 2659 primum
907 2580 943 2642 ad
964 2582 1132 2659 margaritas

135 2678 321 2740 gemmasque
336 2680 433 2723 mores
449 2663 614 2742 inclinavit,
636 2666 711 2725 sicut
726 2664 758 2725 h.
771 2665 917 2745 Scipionis
933 2674 963 2726 et
979 2662 1031 2726 (ln.
1044 2663 1131 2725 Manli
1250 2709 1252 2740 3

135 2745 169 2806 ad
185 2744 326 2806 caelatum
342 2756 491 2825 argentum
513 2757 543 2808 et
558 2751 651 2810 vestis
668 2749 809 2810 Attalicas
833 2758 864 2810 et
882 2750 1006 2811 triclinia
1021 2758 1132 2826 aerata,
1250 2789 1252 2802 2

134 2831 209 2890 sicut
230 2827 260 2888 L.
285 2828 399 2891 Mummi
425 2830 460 2892 ad
481 2829 631 2894 Corinthia
654 2841 684 2894 et
708 2833 819 2894 tabulas
841 2836 943 2913 pictas.
985 2834 1012 2894 2.
1037 2832 1069 2893 ld
1091 2836 1132 2896 uti
1143 2851 1170 2894 ao

133 2914 246 2992 planius
262 2924 416 2994 noscatur,
437 2916 527 2976 verba
543 2919 686 2996 exipsius
701 2916 822 2997 Pompei
838 2917 1046 2998 triumphorum
1058 2920 1132 2978 actis

93 3011 127 3068 13
136 2998 285 3060 subiciam.
310 3018 383 3078 ergo
397 3002 485 3061 tertio
498 3002 654 3083 triumpho,
666 3019 751 3081 quem
766 3002 802 3063 de
814 3004 926 3083 piratis,
939 3002 1021 3080 Asia,
1035 3001 1131 3063 Ponto

101 3103 119 3144 a,
131 3102 153 3136 ca
179 3081 374 3162 gentibusque
393 3094 423 3146 et
438 3085 558 3165 regibus
573 3087 602 3146 in
620 3093 753 3166 septumo
771 3087 917 3152 uolumine
935 3089 1034 3166 operis
1047 3086 1131 3147 huius

133 3165 265 3227 indicatis
287 3167 325 3227 M.
347 3168 456 3230 Pisone
478 3168 516 3230 M.
539 3169 666 3232 Messala
695 3171 864 3235 consulibus
892 3172 987 3252 pridie
1013 3171 1130 3232 kalend.
1250 3205 1251 3210 κ

134 3248 271 3312 Octobris
297 3253 385 3314 natali
409 3272 462 3315 suo
495 3256 574 3334 egit,
603 3256 750 3317 transtulit
777 3258 890 3319 alveum
917 3275 980 3318 cum
1006 3257 1130 3318 tesseris
1139 3273 1168 3315 as
1250 3287 1251 3294 κ

132 3333 273 3395 lusorium
289 3355 306 3396 e
322 3340 443 3415 gemmis
459 3339 569 3400 duabus
590 3340 678 3400 latum
698 3342 790 3420 pedes
811 3344 882 3421 tris,
903 3341 1021 3420 longum
1037 3340 1130 3421 pedes
1249 3345 1251 3422 j

133 3427 286 3498 quattuor,
303 3428 351 3499 et,
363 3441 400 3483 ne
414 3424 477 3501 quis
491 3422 594 3485 effetas
609 3444 659 3486 res
672 3425 785 3488 dubitet
795 3426 872 3504 nulla
885 3444 1059 3506 gemmarum
1073 3444 1131 3486 ma·
1248 3435 1250 3466 ἑ

132 3504 281 3580 gnitudina
304 3505 392 3568 hodie
409 3509 562 3588 prope·ad
581 3509 653 3572 hanc
668 3512 883 3591 amplitudinem
899 3513 1075 3590 accedente,
1100 3511 1131 3573 in
1232 3521 1250 3550 *¹
