2510 3898
141 224 201 288 122
482 233 511 282 c.
534 234 629 282 amm
652 231 801 281 saeuum

137 393 214 454 dum
233 406 445 471 trecanum,
476 391 548 452 alta
575 391 889 468 quinquagenum,
919 388 1042 466 inqua
1064 387 1145 450 basi

138 477 317 558 quadrata
334 480 434 538 intus
450 474 702 553 labyrinthum
720 472 1050 550 inextricabilem,
1073 491 1144 552 quo

139 564 169 623 si
197 565 280 641 quis
306 563 504 623 introierit
525 561 606 620 sine
629 558 800 637 glomere
821 557 906 635 lini,
929 559 1069 618 exitum
1089 561 1145 618 in-

95 649 273 714 92veuire
295 655 468 726 nequeat.
505 661 615 724 supra
634 642 668 703 id
694 643 912 723 quadratum
933 643 1145 721 pyramides

139 740 241 793 stant
265 733 448 812 quinque,
478 737 657 810 quattuor
685 730 720 788 in
740 726 884 806 angulis
908 735 944 788 et
966 729 1001 787 iu
1021 728 1168 789 medios

138 835 222 892 rina,
256 819 348 878 imae
382 813 641 894 lataepedum
678 815 826 893 quinum
855 821 1146 892 septuagenum,

139 903 238 962 altae
260 910 453 960 centenum
473 903 786 978 quinquagenum,
804 897 1077 974 itafastigatae
1108 905 1146 957 ut

138 987 174 1046 iu
198 1002 332 1046 summo
350 983 456 1044 orbis
480 1000 618 1044 aeueus
635 991 670 1043 et
691 991 956 1061 petasusunus
974 981 1146 1042 omnibus

138 1072 189 1130 sit
217 1070 427 1149 inpositus,
455 1087 498 1129 ex
524 1085 592 1148 quo
622 1066 814 1146 pendeant
835 1075 972 1146 exapta
995 1069 1146 1128 catenis

140 1153 385 1216 tintinabula'
412 1167 504 1233 quae
546 1161 660 1213 vento
688 1153 831 1230 agitata
856 1151 968 1230 louge
994 1155 1185 1215 sonitusro

94 1239 314 1306 93reierant
345 1237 575 1299 utDodonae
607 1237 687 1298 olim
714 1239 859 1298 factum.
906 1255 1018 1318 supra
1042 1255 1147 1316 quem

140 1325 264 1384 orbem
306 1332 483 1402 quattuor
521 1321 734 1402 pyramides
777 1323 932 1402 insuper
974 1322 1146 1400 singulae

139 1417 239 1470 stant
268 1409 369 1469 altae
400 1407 529 1488 pedum
562 1415 763 1470 centenum.
810 1425 923 1486 supra
953 1425 1044 1488 quas
1074 1424 1145 1467 uno

138 1494 221 1554 solo
246 1495 407 1575 quinque
428 1492 664 1573 pyramides,
691 1510 809 1572 quarum
831 1491 1012 1553 altitudinem
1035 1491 1145 1552 Varro-

138 1597 204 1640 nem
219 1578 319 1657 puduit
333 1578 469 1656 adicere,
490 1577 606 1638 fabulae
625 1575 768 1638 Etruscae
784 1576 899 1638 tradunt
915 1577 1035 1638 eandem
1050 1577 1145 1638 fuisse
1158 1594 1185 1636 1⁶

139 1665 328 1743 quamtotius
346 1667 447 1743 operis
464 1663 499 1723 ad
520 1681 579 1723 eas.
610 1679 735 1722 vaesana
752 1661 896 1723 dementia
912 1664 1065 1742 quaesisse
1080 1660 1145 1740 glo·

139 1751 211 1809 riam
238 1748 376 1828 inpendio
406 1747 475 1809 uulli
502 1746 666 1826 profuturo.
711 1755 868 1827 praeterea
892 1746 1033 1826 fatigasse
1058 1748 1144 1825 regni

138 1835 227 1911 viris,
243 1842 273 1893 ut
288 1841 383 1895 tamen
401 1832 464 1894 laus
484 1833 576 1892 maior
596 1833 715 1893 artificis
732 1841 822 1894 esset,

96 1927 131 1982 94
205 1919 289 1998 (20.)
314 1917 435 1996 Legitur
458 1926 489 1978 et
505 1916 629 1996 pensilis
646 1917 767 1995 hortus,
791 1919 876 1978 immo
895 1934 969 1978 vero
987 1925 1079 1978 totum
1094 1935 1146 1997 op·

138 2002 234 2083 pidum
251 2002 419 2082 Aegyptiae
436 2001 555 2064 Thebae
577 2003 725 2064 exercitus
748 2011 874 2063 armatos
896 2002 999 2064 subter
1017 2002 1185 2064 educerero

138 2087 234 2149 solitis
251 2088 370 2165 regibus
394 2087 473 2149 uullo
497 2087 707 2167 oppidanorum
730 2089 895 2166 sentiente,
919 2089 1074 2148 etiamnum
1088 2087 1147 2149 hoc

137 2174 230 2233 miuus
256 2174 358 2233 mirum
384 2192 468 2252 quam
491 2171 568 2252 quod
597 2171 716 2234 flumine
740 2173 863 2234 medium
892 2172 1029 2252 oppidum
1055 2173 1147 2234 inter-

138 2257 256 2319 fluente.
283 2277 357 2338 quae
374 2261 399 2318 si
415 2259 550 2336 fuissent,
570 2275 628 2318 uon
643 2258 759 2319 dubium
772 2267 819 2318 est
835 2255 991 2319 Homerum
1004 2257 1146 2319 dicturum

137 2342 247 2422 fuisse,
267 2361 331 2403 cum
348 2352 462 2404 centum
479 2350 579 2422 portas
596 2343 637 2402 ibi
655 2342 847 2422 praedicaret.
1175 2390 1176 2393 ,

95 2437 129 2492 95
209 2429 255 2489 14.
279 2427 363 2508 (tl.)
386 2426 515 2488 Graecae
538 2428 770 2506 magnificentiae
786 2446 858 2488 vera
875 2426 1026 2488 admiratio
1044 2435 1183 2490 exstataa

139 2511 276 2591 templum
304 2511 451 2591 Ephesiae
476 2511 586 2573 Dianae
611 2509 692 2572 CXX
711 2514 791 2573 aunis
812 2513 918 2573 factum
938 2530 954 2572 a
976 2519 1038 2572 tota
1061 2510 1143 2574 Asia.

138 2598 167 2655 in
183 2595 248 2656 solo
263 2595 291 2655 id
302 2596 422 2675 palustri
439 2597 551 2674 fecere,
567 2616 605 2658 ue
621 2605 718 2658 terrae
734 2605 828 2658 motus
843 2599 967 2659 sentiret
984 2606 1032 2658 aut
1047 2595 1144 2658 hiatus

138 2680 273 2756 timeret,
287 2698 387 2739 rursus
406 2699 443 2741 ne
457 2683 486 2740 in
500 2679 614 2742 lubrico
632 2690 720 2761 atque
736 2682 863 2742 instabili
880 2682 1064 2743 fundamenta
1083 2690 1144 2742 tan-

137 2773 185 2826 tae
200 2763 285 2824 molis
300 2763 477 2844 locarentur,
492 2765 611 2828 calcatis
622 2787 657 2828 ea
670 2769 859 2828 substravere
872 2767 1061 2844 carbonibus,
1075 2766 1145 2828 dein

30 2913 33 2918 ,
136 2849 297 2911 velleribus
315 2849 408 2914 lanae.
440 2851 578 2913 universo
598 2852 707 2933 templo
723 2852 875 2930 longitudo
891 2861 937 2913 est
955 2849 1183 2914 ccccxxvn

137 2935 259 3014 pedum,
281 2934 404 2996 latitudo
422 2933 573 3015 CCXXX,
595 2937 745 3000 columnae
771 2944 885 2999 centum
905 2939 1009 3015 viginti
1026 2947 1143 3018 septem

136 3039 153 3080 a
168 3021 290 3097 siugulis
305 3020 426 3099 regibus
439 3022 533 3083 factae
546 3021 596 3082 LX
608 3023 712 3103 pedum
728 3022 892 3102 altitudine,
911 3042 950 3084 ex
964 3024 1001 3083 iis
1014 3017 1143 3084 XXXVI

137 3105 283 3183 caelatae,
305 3123 360 3166 una
378 3125 394 3166 a
409 3106 513 3186 Scopa.
551 3109 636 3187 operi
654 3109 779 3187 praefuit
797 3105 1000 3188 Chersiphron
1016 3107 1142 3170 archite-

93 3198 128 3255 96
140 3197 211 3251 ctus.
243 3208 350 3250 summa
366 3191 495 3252 miraculi
515 3192 651 3272 epistylia
668 3201 763 3253 tautae
776 3192 861 3253 molis
880 3193 974 3254 attolli
994 3195 1139 3273 potuisse.

136 3273 165 3336 id
181 3283 356 3336 consecutus
380 3285 426 3338 est
440 3276 491 3338 ille
510 3277 667 3340 aeronibus
686 3277 813 3338 harenae
829 3277 944 3358 plenis,
960 3278 1041 3340 molli
1059 3277 1139 3339 'cliro
1150 3295 1181 3338 aa

137 3378 226 3440 super
247 3361 341 3440 capita
362 3361 557 3423 columnarum
578 3371 777 3442 exaggerato,
798 3362 945 3442 paullatim
968 3365 1141 3426 exinaniens

136 3445 209 3505 imos
228 3451 259 3504 ut
277 3446 385 3505 sensim
401 3464 473 3507 onus
488 3449 518 3507 iu
533 3447 602 3509 loco
620 3447 747 3509 sederet.
783 3447 953 3511 difficillime
974 3448 1031 3509 hoc
1047 3450 1142 3510 couti·

136 3531 180 3608 git
200 3530 229 3590 iu
252 3529 351 3590 limine
373 3532 439 3612 ipso
459 3532 536 3610 quod
555 3532 668 3593 foribus
693 3532 862 3613 inponehat.
902 3535 1010 3597 etenim
1033 3552 1068 3595 ea
1083 3552 1143 3595 ma·
