2468 3896
150 206 187 268 10
492 219 521 268 c.
545 219 639 266 amru
660 215 810 265 sucunnu

148 373 286 449 trossuli,
304 393 367 434 cum
382 374 517 452 oppidum
533 375 561 432 in
575 371 677 433 Tuscis
694 373 766 432 citra
781 370 931 431 Volsinios
947 388 974 449 p.
986 371 1070 437 ῐιῑῇ
1081 371 1148 432 siue

149 458 208 518 uilo
231 458 358 536 peditum
376 457 540 518 adiumento
562 458 712 533 cepissent
728 457 790 516 eius
811 454 962 531 vocabuli,
986 456 1072 533 idque
1094 453 1147 514 du·

106 544 225 610 abrasit
245 543 319 603 ultra
342 541 373 602 C.
398 540 562 601 Gracchum.
599 540 696 600 lunius
719 549 801 600 certe
824 542 870 618 qui
890 539 925 600 ab
941 540 1065 599 amicitia
1081 539 1145 598 eius

150 625 330 687 Gracchanus
342 625 503 705 appellatus
515 634 560 685 est
571 626 709 702 scriptum
722 625 841 703 reliquit
853 625 897 683 his
910 624 1026 684 verbis:
1044 619 1148 694 Quod

150 712 191 771 ad
218 718 434 788 equestrem
458 708 621 769 ordinem
647 710 789 769 attinet
815 717 923 768 antea
951 707 1171 768 trossuloss

141 795 348 870 uocabant,
383 811 472 852 nunc
502 795 654 870 equites
687 801 820 854 vocant
849 792 937 852 ideo
965 793 1147 870 quianon

149 878 382 954 intellegunt
399 876 588 936 trossulos
604 893 732 936 nomen
751 878 836 954 quid
858 876 978 936 valeat
998 874 1147 935 multos-

150 980 219 1040 que
240 962 352 1040 pudet
373 977 415 1020 eo
439 963 583 1021 nomine
602 959 814 1039 appellari,
830 969 860 1020 et
877 977 991 1021 causam
1006 977 1079 1038 quae
1098 978 1147 1018 su-

148 1063 200 1125 pra
214 1045 337 1104 indicata
359 1053 404 1104 est
428 1046 549 1124 exponit
567 1045 733 1123 invitosque
753 1047 904 1105 etiamnum
921 1053 1015 1104 tamen
1034 1052 1148 1102 trossu-

150 1130 195 1190 los
212 1131 320 1190 vooari.
1161 1146 1189 1185 uo

106 1223 138 1280 st
215 1213 297 1292 (to.)
318 1213 389 1272 Sunt
408 1212 499 1274 adhuc
515 1213 629 1292 aliquae
652 1231 709 1274 non
734 1213 909 1274 omittendae
929 1215 958 1272 in
976 1229 1046 1272 auro
1064 1211 1147 1272 dille·

150 1299 270 1358 rentiae.
284 1297 389 1357 auxilia
401 1299 508 1377 quippe
522 1307 550 1358 et
564 1308 703 1358 externos
716 1298 867 1376 torquibus
878 1299 974 1357 aureis
984 1295 1146 1371 donavere,

149 1383 263 1443 atcivis
280 1385 406 1442 nonnisi
430 1383 595 1460 argenteis,
623 1390 797 1461 praeterque
820 1380 945 1441 armillas
966 1380 1078 1441 civibus
1096 1379 1147 1440 de·

149 1465 220 1526 dere
237 1484 307 1545 quas
321 1484 379 1525 non
397 1466 501 1530 dabant
517 1468 657 1527 externis.

106 1560 141 1617 38
212 1551 292 1630 (ll.)
313 1549 420 1628 Iidem,
441 1569 498 1628 quo
519 1552 610 1628 magis
631 1551 781 1627 miremur,
802 1565 927 1609 coronas
950 1567 988 1610 ex
1009 1565 1080 1608 auro
1096 1547 1186 1609 de-rs

149 1634 221 1694 dere
238 1642 268 1693 et
282 1635 403 1694 ciuibus.
438 1635 501 1712 quis
519 1636 626 1712 primus
641 1634 762 1694 donatus
777 1635 814 1693 sit
829 1651 864 1693 ea
880 1651 938 1694 non
952 1633 1048 1692 inveni
1065 1633 1147 1710 equi·

150 1718 231 1794 dem,
248 1718 312 1795 quis
330 1719 437 1794 primus
453 1717 606 1777 donaverit
620 1717 683 1776 ab
697 1717 804 1777 Pisone
824 1716 955 1778 traditur.
987 1716 1023 1775 h
1040 1715 1146 1775 Postu·

149 1803 221 1862 mius
258 1801 382 1860 dictator
418 1802 491 1879 apud
528 1800 618 1860 lacum
656 1800 802 1878 liegillum
837 1803 940 1862 castris
978 1799 1145 1859 Latinorum

151 1886 323 1963 expugnatis
340 1902 404 1944 eum
423 1887 503 1944 cuius
524 1902 659 1944 maxume
671 1902 760 1971 opera
776 1893 859 1964 capta
878 1894 978 1945 essent
994 1882 1043 1943 ³³⁸³.
1072 1882 1146 1944 hanc

150 1985 286 2030 coronam
303 1986 340 2029 ex
357 1967 464 2046 praeda
479 1967 582 2028 dedit
574 1977 643 2028 utem
658 1969 689 2030 L
705 1961 843 2030 Lentulus
860 1986 921 2029 cos
951 1967 1057 2028 Servio
1073 1965 1146 2028 Gor-
1136 1987 1186 2026 -ao

149 2053 228 2112 nelio
250 2051 406 2113 llereudae
430 2052 585 2113 Samnitum
600 2053 708 2132 oppido
731 2061 836 2132 capto,
858 2053 911 2114 sed
932 2052 998 2112 huic
1018 2053 1147 2130 quinque

150 2137 294 2196 librarum.
324 2135 497 2214 PisoFrugi
514 2135 601 2196 hlium
617 2156 655 2197 ex
665 2139 776 2215 privata
788 2139 910 2217 pecunia
928 2138 1057 2212 donavit,
1071 2154 1147 2196 eam·

150 2238 205 2299 que
220 2238 356 2281 coronam
371 2229 544 2281 testamento
560 2223 587 2281 ei
605 2221 793 2300 praelegavit.

106 2314 141 2370 ³9
214 2307 243 2366 3.
273 2305 355 2384 (ta.)
376 2304 504 2365 Deorum
525 2304 643 2365 honoris
666 2307 694 2364 in
709 2309 799 2365 sacris
820 2305 889 2367 nihil
906 2304 981 2364 aliud
998 2306 1147 2382 excogita-

150 2395 206 2448 tum
222 2395 268 2449 est
283 2406 365 2466 quam
381 2398 411 2448 ut
427 2391 533 2449 auratis
548 2389 685 2450 cornibus
701 2389 831 2465 hostiae,
845 2391 971 2450 maiores
988 2389 1146 2465 dumtaxat,
1156 2411 1185 2450 as

148 2473 364 2532 immolarentur.
396 2473 449 2534 sed
472 2475 500 2532 in
517 2473 617 2532 militia
632 2490 747 2551 quoqne
762 2473 790 2532 in
807 2480 914 2532 tantum
930 2472 1058 2533 adolevit
1074 2471 1147 2533 haec

150 2555 261 2616 luxuria
277 2565 307 2615 nt
321 2555 357 2615 ll.
374 2557 453 2616 Bruti
467 2576 484 2616 e
497 2556 666 2635 Philippicis
681 2558 788 2636 campis
803 2556 946 2635 epistulae
962 2558 1148 2635 reperiantur

150 2639 300 2699 irementis
324 2639 424 2700 libulas
447 2640 614 2700 tribunicias
635 2659 673 2700 ex
698 2658 769 2701 auro
790 2641 863 2718 geri.
904 2641 961 2718 ita,
990 2640 1146 2717 Hercules,

150 2722 225 2782 idem
241 2725 317 2782 enim
333 2731 378 2800 tu,
399 2723 503 2800 Brute,
525 2723 674 2784 mulierum
694 2724 815 2801 pedibus
830 2743 927 2785 aurum
944 2733 1089 2804 gestatum
1107 2734 1146 2784 ta·

150 2808 251 2883 cuisti,
268 2815 298 2867 et
315 2825 368 2867 nos
384 2807 506 2868 sceleris
522 2810 666 2885 arguimus
681 2808 761 2869 illum
777 2810 825 2886 qui
841 2809 948 2887 primus
965 2826 1035 2869 auro
1054 2808 1184 2887 digni-so

150 2898 237 2950 tatem
258 2909 313 2970 per
336 2892 438 2953 anulos
459 2890 542 2952 iecit!
565 2891 689 2953 habeant
710 2894 739 2953 in
763 2893 881 2954 lacertis
904 2894 959 2952 iam
983 2893 1099 2971 quidem
1116 2901 1146 2953 et

150 2971 223 3051 viri,
238 2975 315 3053 quod
331 2994 369 3035 ex
384 2975 524 3036 Dardanis
540 2978 622 3037 venit
637 2979 735 3056 itaque
751 2984 781 3037 et
796 2974 968 3038 Dardanium
984 2977 1146 3038 vocabatur

104 3066 141 3120 40
151 3091 193 3102 -
207 3059 328 3119 viriolae
343 3057 455 3120 Celtice
476 3061 624 3136 dicuntur,
647 3061 737 3122 viriae
752 3058 932 3120 Celtiberiae
947 3095 988 3106 -
995 3060 1146 3138 b,abeant

149 3141 299 3201 feminae
292 3161 320 3202 m
341 3143 460 3203 armillis
481 3142 637 3223 digitisque
661 3145 748 3243 totis,
773 3144 867 3222 collo,
890 3146 1007 3206 auribus
1016 3146 1146 3223 ‚spiris,

149 3225 310 3286 discurrant
335 3235 455 3287 catenae
479 3228 555 3288 circa
570 3227 661 3288 latera
684 3237 714 3288 et
735 3230 765 3288 in
786 3237 905 3290 secreto
927 3231 1182 3312 margaritaruma;

109 3376 111 3380 ,
149 3308 255 3370 sacculi
272 3331 289 3369 e
306 3311 383 3370 collo
403 3302 611 3372 dominarum'
593 3329 682 3372 aureo
698 3313 843 3391 pendeant
860 3316 912 3373 ut
904 3333 933 3374 un
948 3331 1058 3375 sommo
1074 3331 1148 3391 quo

149 3411 205 3471 que
227 3395 361 3454 unionum
382 3395 560 3456 conscientia
587 3396 679 3472 adsit,
712 3399 835 3459 etiamne
862 3397 985 3476 pedibus
1011 3398 1153 3458 induetur

147 3485 235 3556 atque
255 3478 331 3538 inter
347 3479 449 3540 stolam
466 3477 641 3559 plebemque
657 3480 731 3540 hunc
745 3482 867 3543 medium
879 3483 1045 3542 ieminarum
1058 3499 1149 3558 eque·
