2510 3898
177 207 235 272 130
521 213 827 290 c.rum1sucuuu1

177 374 286 438 Caesar
301 375 426 436 dictator
440 371 609 452 Pompeium
623 372 706 449 vicit,
721 371 919 450 reperiuntur,
935 370 1024 452 idque
1040 373 1183 451 quotiens

135 473 183 529 135
195 460 333 540 fregeris.
375 458 447 518 Sunt
475 466 506 519 et
528 457 604 535 nigri
626 474 749 536 quorum
771 457 928 517 auctoritas
951 458 1082 518 venitin
1105 475 1181 520 mor-

174 563 266 623 more,
279 546 354 605 sicut
366 542 535 603 Taenarius.
559 539 653 602 Varro
666 542 767 619 nigros
783 559 822 601 ex
833 541 934 604 Africo
949 543 1092 603 firmiores
1109 561 1180 604 esse

176 630 261 691 tradit
283 647 368 708 quam
382 627 520 704 initalia,
535 625 683 687 ediverso
700 625 783 688 albos
800 624 933 688 Coranos
946 625 1080 688 duriores
1094 639 1181 706 qtram

174 714 288 776 Parios.
324 712 401 772 idem
419 711 594 772 Luniensem
610 710 722 772 silicem
744 729 827 772 serra
851 715 962 789 secari,
986 711 1203 774 Tusculanums

175 798 303 860 dissilire
327 798 405 875 igni,
433 795 570 856 Sabinum
594 794 706 856 luscum
733 795 830 858 addito
855 795 924 858 cleo
952 797 1039 858 etiam
1063 797 1179 874 lucere,

174 884 251 944 idem
268 881 359 941 molas
383 880 531 942 versatilis
549 878 692 942 Volsiniis
715 881 866 959 inventas,
889 881 1000 961 aliquas
1019 889 1050 942 et
1070 889 1179 962 sponte

175 975 267 1028 motas
286 967 447 1026 invenimus
464 967 493 1025 in
507 964 658 1044 prodigiis.

133 1062 183 1122 136
258 1051 341 1130 (30.)
364 1049 512 1129 Nusquam
531 1049 578 1109 hic
600 1049 700 1110 utilior
721 1067 806 1129 quoru
821 1051 850 1111 in
864 1050 948 1113 ltalia
967 1052 1114 1129 gignitur,
1139 1051 1179 1112 lo-

176 1137 281 1216 pisque
297 1153 355 1195 non
373 1152 472 1195 saxum
485 1141 539 1195 est.
563 1135 593 1193 in
608 1134 778 1212 quibusdam
791 1154 864 1197 vero
880 1137 1040 1216 provinciis
1061 1136 1177 1196 omnino
1190 1154 1217 1196 ro

174 1239 233 1281 nou
251 1220 405 1280 invenitur.
441 1217 513 1279 Sunt
537 1217 651 1298 quidem
670 1220 699 1279 in
721 1237 758 1281 eo
780 1237 894 1298 genere
915 1220 1067 1284 molliores
1083 1223 1130 1299 qui
1148 1229 1180 1280 et

173 1313 242 1368 cote
263 1303 397 1365 levantur
418 1311 449 1363 ut
467 1302 572 1382 procul
594 1303 774 1366 intuentibus
815 1303 931 1383 ophites
954 1300 1048 1360 videri
1070 1302 1177 1377 possit,

175 1409 271 1470 neque
294 1397 340 1450 est
362 1389 436 1449 alius
458 1389 585 1466 firmior,
609 1389 723 1468 quando
748 1397 778 1450 et
799 1388 903 1468 lapidis
924 1397 1025 1450 natura
1043 1388 1124 1466 liguo
1141 1389 1180 1448 si·

174 1475 283 1536 militer
304 1473 405 1534 imbris
426 1472 566 1553 solesque
587 1482 636 1534 out
658 1473 769 1536 hiemes
794 1491 853 1535 non
873 1475 982 1554 potitur
999 1475 1029 1534 iu
1044 1472 1108 1534 aliis
1126 1489 1178 1550 ge·

174 1560 294 1622 neribus
319 1567 407 1639 atque
426 1558 503 1620 aliis.
548 1566 615 1619 sunt
642 1566 672 1619 et
702 1561 750 1638 qui
779 1559 874 1620 lunam
907 1577 966 1620 uon
991 1558 1122 1620 tolerent
1147 1567 1215 1618 etis

175 1647 223 1724 qni
246 1650 394 1705 vetustate
416 1643 582 1720 robiginem
611 1643 724 1706 trahant
744 1643 914 1706 coloremve
936 1643 1085 1706 candidum
1107 1642 1177 1704 oleo

173 1737 295 1790 mutent.
405 1734 411 1744 '

136 1825 182 1882 137
259 1814 306 1876 lit.
325 1811 466 1873 llolarem
482 1812 595 1893 quidam
610 1815 728 1893 pyriten
741 1822 863 1892 vocent,
879 1814 1013 1894 moniam
1029 1813 1178 1892 plurumus

175 1899 213 1960 sit
227 1899 304 1976 ignis
319 1896 373 1975 illi,
389 1896 443 1958 scd
458 1906 504 1959 est
519 1897 592 1958 alius
605 1899 804 1978 spongeosior
820 1906 926 1960 tantum
942 1907 972 1960 et
988 1899 1060 1960 alius
1078 1899 1179 1959 etiam-

174 2001 240 2044 num
256 1983 370 2061 pprites
386 1982 574 2044 similitudino
589 1985 676 2044 aeris.
701 1985 731 2044 in
744 1981 843 2064 Cypro
859 2002 924 2047 eum
935 1983 1062 2063 reperiri
1076 1981 1217 2044 voluntas

174 2067 299 2130 metallis
327 2084 401 2144 quae
426 2075 492 2126 sunt
518 2068 595 2129 circa
610 2068 783 2146 Acamanta,
805 2087 891 2129 unum
906 2078 1048 2146 argenteo
1062 2066 1179 2146 colore,
1232 2141 1236 2147 ,

175 2152 297 2214 alterum
319 2169 418 2213 aureo.
450 2162 592 2213 cocuntur
611 2152 710 2230 vario,
732 2153 768 2213 ab
789 2153 854 2214 aliis
875 2155 981 2214 iterum
1001 2153 1179 2230 tertiumque

174 2239 204 2298 in
223 2237 328 2314 melle,
351 2236 448 2298 donec
471 2245 656 2299 consumetur
682 2237 797 2317 liquor,
822 2237 858 2298 ab
879 2237 944 2298 aliis
972 2256 1064 2317 pruna
1084 2238 1178 2316 prius,

174 2322 241 2383 dein
254 2321 287 2384 in
303 2320 408 2399 melle,
424 2339 458 2382 ac
471 2330 577 2402 postea
591 2322 724 2383 lavantur
738 2331 769 2383 ut
783 2340 844 2384 aes.
872 2340 942 2383 usus
958 2338 1061 2389 eorum
1074 2322 1104 2382 in
1118 2339 1178 2384 me-

175 2406 268 2468 dicina
290 2407 489 2485 exceliacere,
511 2409 641 2485 siccare,
668 2407 835 2486 discutere,
854 2415 1033 2484 extenuare,
1056 2405 1216 2472 duritiasas

173 2493 204 2552 in
215 2511 270 2572 pus
288 2500 414 2554 vertere.
443 2500 562 2553 utuntur
574 2500 604 2553 et
618 2491 714 2552 crudis
731 2493 883 2572 tunsisque
898 2493 933 2554 ad
951 2501 1074 2554 strumas
1089 2498 1178 2572 atque

135 2587 183 2643 [38
193 2576 372 2640 furunculos.
402 2575 563 2653 Pyritarum
580 2578 733 2638 etiamnum
744 2596 830 2638 unum
845 2595 938 2656 genus
955 2576 1043 2656 aliqui
1057 2577 1177 2654 iaciunt,

175 2659 335 2739 plurumum
357 2661 434 2739 iguis
455 2660 564 2722 habeut
581 2663 601 2721 ii
622 2679 696 2740 quos
712 2665 796 2724 uivus
812 2663 1010 2742 appellamus,
1030 2660 1178 2741 pondero·

175 2745 281 2810 sissimi
303 2753 368 2805 sunt
389 2745 427 2822 ii,
450 2745 687 2824 exploratoribus
705 2755 866 2809 castrorum
888 2765 1019 2810 maxume
1039 2764 1177 2812 necessa·

174 2829 228 2907 rii,
255 2830 304 2907 qui
326 2828 410 2890 clavo
435 2829 483 2890 vel
506 2830 600 2892 altero
622 2830 719 2910 lapide
743 2833 876 2911 percussi
897 2831 1052 2892 scintillam
1076 2831 1216 2908 edunt,so

173 2933 247 2994 quae
261 2921 385 2993 excepto
398 2912 517 2994 sulpure
529 2923 578 2976 aul
587 2916 684 2994 iungis
696 2916 784 2978 aridis
797 2916 845 2978 vel
857 2916 936 2978 iuliis
952 2916 1031 2977 dioto
1047 2915 1176 2978 celerius

173 2997 298 3078 praebet
313 3000 421 3076 ignem.

132 3094 181 3152 1³9
256 3083 338 3162 (31.)
351 3081 514 3146 Ostracitae
525 3084 739 3148 similitudinem
750 3093 845 3148 testae
857 3085 974 3148 habent.
992 3105 1061 3148 usus
1074 3103 1176 3146 eorum

173 3185 228 3248 pre
250 3167 364 3247 pumice
384 3167 420 3228 od
442 3168 593 3232 levandam
608 3178 712 3232 cutem.
748 3172 810 3250 poti
827 3173 997 3250 sanguinem
1017 3171 1124 3231 sistunt
1145 3178 1177 3230 et

172 3252 254 3314 inlito
265 3270 330 3313 cum
340 3251 428 3314 melle
443 3252 542 3316 ulcera
553 3253 732 3336 doloresque
739 3273 920 3317 mammarum
932 3264 1043 3318 sanant.
1059 3254 1177 3315 Amian-
1187 3270 1215 3312 ss

173 3345 221 3398 tus
237 3335 353 3398 alumini
369 3337 471 3399 similis
486 3339 557 3400 nihil
573 3341 633 3420 igni
647 3340 791 3421 deperdit.
827 3340 874 3403 hic
892 3341 1041 3404 veneficiis
1060 3341 1187 3417 resistit

173 3421 321 3500 omnibus,
335 3423 469 3502 privatim
483 3423 641 3503 llagorum.

131 3519 181 3573 140
252 3505 333 3589 (32.)
361 3506 481 3570 Geodeu
504 3529 541 3572 ex
563 3519 735 3590 argumento
758 3511 925 3594 appellunt,
946 3512 1083 3593 quoniam
1105 3527 1176 3574 con·
