2468 3896
164 190 205 252 42
509 199 814 248 commonemini
886 161 887 164 ¹

122 361 319 440 toprinpris.
346 357 517 419 mirabamur
532 357 562 415 in
580 356 694 416 officina
710 372 767 414 non
784 353 869 413 modo
885 371 923 414 ex
942 353 1044 432 argilla
1061 352 1159 414 simili·

168 442 294 504 tudinem
305 444 459 520 insignem,
472 458 571 500 rerum
584 449 613 500 et
628 439 664 500 de
675 439 772 518 parvis
784 437 931 499 admodum
947 438 1069 499 surculis
1082 436 1158 516 quod

167 530 287 608 primum
307 527 406 606 operis
426 526 576 586 instaurati
597 525 659 585 fuit.
693 541 728 583 ea
752 529 843 582 'statua
864 521 999 582 indicavit
1020 523 1157 584 interisse

167 610 303 673 tundendi
321 612 397 672 aeris
413 611 576 686 scientiam,
598 627 660 668 cum
685 615 715 667 et
728 604 808 667 Nero
826 606 925 684 largIri
941 624 1039 666 aurum
1056 624 1158 684 argen-

167 707 282 774 tumque
300 702 415 774 paratus
432 701 512 754 esset
527 701 557 754 ct
572 691 742 752 zenodorus
760 692 880 752 scientia
902 689 1028 768 fingendi
1047 690 1184 752 caelans

123 792 157 849 47
169 780 256 858 dique
269 779 338 839 nulli
351 787 482 839 veterum
493 785 730 856 postponeretur.
754 783 875 835 statuam
886 774 1085 835 Aruernorum
1096 793 1159 835 cum

166 866 278 926 iaceret
293 864 461 942 provinciae
477 861 572 922 Duhio
589 860 678 920 Avito
694 859 892 939 praesidente,
909 858 965 920 duo
984 859 1088 938 pocula
1106 857 1159 920 Ca·

167 947 277 1008 lamidis
294 965 375 1008 manu
391 947 512 1023 caelata,
523 963 596 1025 quae
610 942 713 1005 Cassio
725 942 830 1004 Salano
847 944 988 1004 avonculo
1001 946 1063 1004 eius
1076 961 1157 1022 prae·

166 1034 278 1111 ceptori
296 1048 349 1091 suo
362 1030 546 1092 Germanicus
561 1027 669 1089 Caesar
681 1027 808 1088 adamata
819 1027 987 1106 donaverat,
1001 1026 1158 1088 aemulatus

167 1115 368 1178 estutvixulla
380 1114 543 1176 differentia
555 1122 636 1174 esset
648 1115 726 1173 artis.
750 1115 953 1192 quantomaior
965 1115 994 1172 in
1003 1111 1159 1173 Zenodoro
1171 1129 1199 1172 rt

165 1201 342 1280 praestantia
354 1199 417 1276 luit,
435 1207 513 1260 tanto
529 1200 620 1276 magis
637 1197 863 1275 deprehenditur
878 1198 953 1258 aeris
967 1197 1158 1258 oblitteratio.

122 1295 159 1352 48
232 1285 258 1346 8.
283 1283 380 1362 SIgnis
402 1301 475 1362 quae
499 1291 604 1343 vocant
621 1279 769 1343 CorInthia
790 1281 924 1361 plerique
944 1284 973 1342 in
991 1289 1098 1341 tantum
1113 1299 1160 1341 ca·

167 1371 283 1448 piuntur
311 1377 342 1428 ut
374 1385 472 1428 secum
501 1368 720 1444 circumierant,
752 1367 825 1427 sicut
854 1364 1028 1426 Hortensius
1060 1374 1160 1427 orator

166 1453 317 1531 sphingem
333 1451 420 1513 Verri
445 1469 498 1513 reo
514 1451 652 1528 ablatam,
678 1458 800 1531 propter
821 1468 904 1530 quam
919 1449 1024 1512 Cicero
1046 1449 1097 1510 illc
1117 1451 1160 1509 iu-

165 1536 242 1598 dicio
256 1539 285 1596 in
301 1537 491 1597 altercatione
510 1537 627 1613 neganti
645 1537 672 1595 ei
688 1538 849 1613 aenigmata
866 1555 899 1596 se
921 1535 1097 1612 intellegere
1113 1553 1160 1595 re·
1171 1553 1201 1596 rs

135 1650 139 1658 ·
166 1621 283 1699 spondit
303 1620 429 1699 dehere,
451 1622 585 1701 quoniam
608 1619 760 1699 sphingem
782 1619 858 1681 domi
878 1619 1009 1682 haberet.
1041 1621 1161 1680 ciccum-

29 1746 32 1752 ·
131 1728 155 1764 ss
167 1705 232 1764 tulit
250 1713 279 1764 et
295 1704 375 1766 Nero
388 1707 525 1783 prInceps
534 1703 727 1782 Amazonem,
744 1704 780 1765 de
795 1723 850 1784 qua
867 1704 1011 1782 dicemus,
1030 1713 1059 1765 et
1071 1703 1159 1783 paulo

165 1798 231 1850 ante
253 1787 284 1848 C,
302 1786 417 1848 Cestius
439 1788 600 1848 consularis
623 1789 775 1868 [sIgnum,]
801 1807 883 1868 quam
906 1807 1003 1849 secum
1023 1791 1109 1849 etiam
1130 1790 1162 1850 in

165 1873 281 1952 proelio
297 1873 402 1932 habuit.
441 1873 601 1934 Alexandri
613 1869 741 1953 'quoque
758 1872 855 1951 Magni
873 1873 1089 1934 tabernaculum
1113 1892 1162 1934 su-

165 1960 275 2018 stinere
288 1956 436 2018 traduntur
452 1957 557 2019 solitae
573 1965 697 2034 statuae,
715 1957 871 2037 exquibus
887 1959 960 2019 duae
976 1967 1041 2020 ante
1056 1956 1159 2019 Martis
1172 1968 1202 2011 ²⁰

164 2041 276 2102 Ultoris
294 2040 395 2102 aedem
409 2042 520 2103 dicatae
535 2051 616 2120 sunt,
632 2041 754 2103 totidem
772 2051 839 2102 ante
858 2045 976 2120 regiam.

120 2138 155 2194 49
228 2125 309 2206 (19.)
336 2125 497 2187 Minoribus
525 2127 683 2188 simulacris
711 2129 861 2207 signisque
887 2129 1036 2188 innumera
1064 2143 1160 2205 prope

164 2211 302 2272 artificum
316 2210 468 2271 multitudo
483 2211 634 2272 nobilitata
650 2221 714 2290 est,
737 2221 803 2273 ante
824 2213 916 2271 omnis
931 2221 1027 2274 tamen
1041 2209 1159 2272 Phidias

163 2295 353 2356 Atheniensis
373 2293 444 2356 lore
461 2294 595 2374 Olympio
618 2297 695 2356 lacto
716 2315 753 2356 ex
775 2297 867 2357 ebore
888 2297 1002 2374 quidem
1024 2303 1053 2357 et
1074 2312 1160 2374 auro,

162 2381 256 2442 sedet
269 2398 308 2441 err
321 2397 390 2440 aere
402 2382 485 2459 signa
494 2381 575 2442 lecit.
593 2379 690 2440 lloruit
702 2389 797 2442 antem
810 2381 973 2459 olympiade
985 2377 1205 2459 hffl111.,2e

162 2467 279 2528 circiter
291 2460 373 2525 CCC.
387 2473 505 2525 nostrae
523 2465 602 2525 urhis
612 2483 697 2542 anno,
714 2483 771 2544 quo
787 2465 890 2526 eodem
905 2474 1038 2546 tempore
1053 2465 1162 2526 aemuli

131 2609 134 2614 .
162 2552 224 2610 eius
245 2550 327 2610 luere
344 2549 534 2625 Alcamenes,
550 2547 673 2626 Critiae,
688 2548 848 2629 Nesiotes,
864 2550 989 2629 Hegias,
1006 2559 1036 2612 et
1052 2548 1161 2610 deinde

163 2631 325 2712 olympiade
338 2630 510 2692 LXXXVII.
523 2631 698 2712 Hagelades,
715 2632 827 2713 Callon,
840 2634 964 2714 Gorgias
975 2634 1082 2712 Lacon,
1095 2653 1161 2694 rur-

162 2736 211 2777 sus
224 2714 367 2777 hXXXX.
383 2715 554 2794 Polyclitus,
570 2718 742 2795 Phradmon,
755 2718 869 2797 Myron,
881 2720 1074 2798 Pythagoras,
1086 2719 1161 2778 Sco-

117 2811 154 2870 50
163 2819 231 2880 pas,
251 2799 396 2860 Perellus.
436 2820 473 2862 ex
488 2802 533 2862 his
552 2801 713 2880 Polyclitus
735 2803 892 2883 discipulos
913 2805 1013 2866 hahuit
1034 2804 1204 2882 Arqumsc

160 2884 378 2964 Asopodorum,
387 2884 514 2964 Alexim,
523 2886 683 2966 Aristiden,
694 2887 888 2967 Phrynonem,
901 2887 1056 2965 Dinone'm,
1065 2887 1162 2949 Athe-

160 2969 315 3046 nodorum,
346 2967 475 3031 Demean
497 2969 665 3050 Clitorium,
693 2972 797 3049 Myron
817 2972 944 3052 Lyeium.
985 2971 1160 3038 LXXXXV.

160 3052 323 3132 olympiade
345 3052 473 3116 ilcruere
493 3055 666 3134 Naucydes,
694 3055 889 3138 Diuomenes,
918 3057 1082 3135 Canachus,
1104 3055 1162 3118 Pa-

160 3137 287 3215 troclus,
310 3135 371 3199 CII.
389 3138 542 3218 Polycles,
566 3139 801 3221 Cephisodotus,
821 3143 1005 3222 Leuchares,
1027 3141 1161 3220 Hypato-

159 3220 264 3300 dorus,
285 3219 373 3283 CIIII.
389 3221 573 3302 Praxiteles,
593 3223 784 3304 Euphranor,
805 3225 893 3288 CVII.
911 3227 1036 3306 Aetion,
1053 3226 1159 3288 'Pheri-
1172 3249 1203 3292 as

115 3319 147 3370 51
160 3305 284 3366 machus.
300 3305 404 3368 CXIII.
417 3307 561 3387 Lysippus
573 3311 637 3387 fuit,
650 3328 712 3371 cum
724 3311 929 3373 etAlexander
940 3311 1070 3392 Magnus,
1083 3314 1159 3372 item

157 3388 335 3466 LysIstratus
347 3393 439 3452 frater
452 3394 527 3468 eius,
548 3392 675 3468 Sthenis,
691 3393 842 3475 Euphron,
857 3395 977 3476 Eucles,
991 3397 1158 3474 Sostratus,

156 3472 219 3552 Ion,
239 3473 368 3535 silanion
384 3509 426 3521 -
440 3477 469 3535 in
488 3476 544 3536 hoc
562 3478 693 3538 mirabile
712 3481 789 3557 qnod
806 3481 885 3542 nullo
904 3481 1026 3542 doctore
1044 3481 1159 3542 nobilis
