2510 3898
138 215 197 278 126
478 226 507 274 c.
529 226 626 273 emur
648 223 799 272 suenum

136 384 241 446 theatri
260 385 367 444 totiens
383 381 570 460 multiplicata
586 380 659 442 urbe
673 388 812 460 tantoque
824 383 936 442 maiore
952 379 1063 460 populo
1080 380 1141 441 sul·

135 470 212 529 liciat
234 469 318 547 large
342 469 446 535 X'ffi
465 465 547 526 sede.
583 465 690 526 relicus
712 466 865 546 adparatus
892 472 986 527 tantus
1011 464 1140 526 Attalica

135 562 239 629 veste,
255 553 361 614 tabulis
377 555 481 632 pictis,
500 559 603 612 cetero
617 549 757 629 choragio
774 552 828 611 luit
843 559 885 629 ut,
903 553 933 610 in
948 548 1141 611 Tusculanam

134 639 231 698 villam
250 640 411 719 reportatis
436 653 510 717 quae
532 634 752 715 superfluebant
769 636 907 698 cotidiani
923 653 993 696 usus
1012 634 1141 712 deliciis,

133 725 252 784 incensa
284 723 351 784 villa
382 723 418 782 ab
446 721 526 782 iratis
557 722 653 781 servis
693 729 929 783 concremaretur
960 717 1016 780 llS.
1043 717 1167 804 {coepe

93 819 143 874 116
156 809 201 889 [8]
221 807 327 868 Aufert
347 808 469 867 animum
492 814 522 866 et
549 824 565 865 a
595 805 741 866 destinato
772 807 880 867 itinere
908 803 1030 884 degredi
1058 807 1142 883 cogit

133 892 341 972 contemplatio
356 901 413 952 tam
425 891 567 970 prodigae
579 892 684 950 mentis
696 891 837 971 aliamque
853 892 984 952 conectit
999 892 1142 951 maiorem

132 979 272 1038 insaniam
288 997 304 1039 e
320 976 410 1055 ligno.
451 974 482 1036 0.
504 973 611 1052 Curio,
637 976 685 1053 qui
707 975 789 1037 bello
809 975 887 1036 civili
903 977 934 1036 in
953 971 1140 1037 Caesarianis

132 1062 264 1142 partibus
282 1063 372 1138 obiit,
392 1060 508 1123 funebri
532 1062 622 1139 patris
639 1078 759 1122 munere
780 1080 844 1122 oum
864 1059 969 1141 opibus
988 1058 1141 1140 adparatu-

134 1166 190 1226 quc
208 1165 267 1208 non
281 1155 385 1227 posset
401 1163 542 1225 superare
558 1144 696 1206 Scaurum
710 1181 752 1192 -
769 1145 845 1208 unde
864 1147 941 1216 enirn
956 1144 997 1204 illi
1016 1146 1139 1207 vitricus
1152 1166 1179 1208 ro

133 1231 211 1293 Sulla
228 1241 258 1292 et
269 1231 390 1294 Metella
404 1239 497 1292 mater
508 1231 755 1309 proscriptionum
771 1233 893 1308 sectrix,
909 1230 985 1292 unde
997 1227 1035 1291 Μ.
1051 1229 1141 1291 Scau·

132 1336 181 1377 rus
205 1325 306 1397 pater,
329 1319 437 1378 totiens
462 1317 599 1394 princeps
620 1317 744 1376 civitatis
769 1325 799 1377 et
813 1314 933 1377 Mariani
950 1314 1071 1376 sodalici
1094 1333 1140 1376 ra-

132 1403 263 1482 pinarum
283 1401 506 1481 provincialium
526 1397 629 1461 sinus?
647 1436 706 1478 -,
731 1419 794 1461 oum
816 1402 872 1461 iam
888 1419 925 1462 ne
941 1401 1007 1480 ipse
1023 1399 1141 1479 quidem

133 1485 258 1549 Scaurus
280 1487 337 1548 sibi
361 1505 414 1567 par
438 1505 507 1546 esse
535 1493 655 1565 posset,
683 1486 797 1564 quando
824 1486 881 1547 hoc
905 1494 989 1547 certe
1021 1485 1138 1546 incendi

132 1573 209 1634 illius
234 1573 393 1652 praemium
408 1570 508 1632 habuit
530 1571 680 1631 convectis
697 1590 735 1632 ex
750 1571 824 1632 orbe
841 1580 983 1632 terrarum
1002 1571 1091 1632 robus
1107 1577 1139 1630 ut
1150 1587 1177 1628 ιι

91 1668 139 1724 117
153 1676 238 1718 nemo
255 1666 360 1736 postea
378 1675 429 1736 par
444 1664 528 1718 esset
541 1656 671 1716 insaniae
692 1655 752 1734 illi,
770 1657 892 1735 ingenio
912 1673 985 1735 ergo
1003 1654 1138 1717 utendum

133 1761 187 1803 suo
212 1739 330 1802 Curioni
353 1750 383 1803 et
404 1741 513 1820 aliquid
538 1740 760 1818 excogitandum
780 1742 845 1802 fuit.
884 1741 1138 1821 operaepretium

133 1835 179 1888 est
197 1827 274 1888 scire
291 1826 359 1906 quid
373 1828 521 1887 invenerit
537 1835 567 1886 et
584 1825 713 1902 gaudere
725 1826 855 1888 moribus
871 1826 981 1887 nostris
997 1844 1031 1886 ac
1046 1843 1137 1886 verso

131 1911 217 1972 modo
229 1929 283 1972 nos
297 1929 404 1973 vocare
416 1914 550 1972 maiores.
580 1910 692 1971 theatra
707 1911 785 1972 iuxta
801 1911 859 1972 duo
871 1911 943 1973 lecit
960 1910 1136 1990 amplissima

131 1995 224 2075 ligno,
239 1996 385 2057 cardinum
398 1996 578 2074 singulorum
592 1994 724 2056 versatili
743 2014 886 2076 suspensa
902 1995 1089 2073 libramento,
1108 1997 1137 2055 in
1147 2017 1174 2060 ao

131 2082 235 2160 quibus
249 2083 381 2162 utrisque
393 2079 622 2141 antemeridiano
637 2080 771 2141 ludorum
783 2081 953 2161 spectaculo
969 2081 1048 2142 edito
1061 2081 1138 2141 inter

131 2159 200 2228 sese
229 2168 343 2227 aversis
377 2185 414 2226 ne
441 2166 565 2234 invicem
593 2165 802 2244 obstreperent
835 2184 977 2244 scaenae,
1012 2173 1137 2245 repente

130 2252 327 2329 circumactis,
351 2259 382 2312 ut
405 2258 539 2327 constat,
564 2258 633 2329 post
655 2252 764 2329 primos
781 2251 845 2312 dies
862 2253 948 2312 etiam
965 2250 1136 2312 sedentibus

131 2335 253 2413 aliquis,
281 2335 419 2397 cornibus
442 2336 472 2395 in
496 2353 530 2396 se
553 2335 726 2396 coeuntibus
746 2336 873 2397 iaciebat
896 2335 1136 2416 amphitheatrum

129 2419 380 2500 gladiatorumque
410 2420 525 2500 proelia
555 2419 682 2497 edebat,
717 2421 811 2501 ipsum
838 2422 930 2499 magis
956 2428 1170 2482 auctoratumas

88 2517 139 2571 118
150 2505 289 2585 populum
300 2504 460 2566 Romanum
473 2505 690 2566 circumferens.
711 2505 778 2584 quid
791 2507 867 2567 enim
876 2508 999 2566 miretur
1011 2506 1134 2586 quisque

129 2592 160 2649 in
173 2589 230 2651 hoc
243 2591 382 2668 primum,
402 2591 585 2650 inventorem
600 2607 636 2649 an
651 2591 814 2668 inventum,
831 2591 971 2652 artificem
986 2609 1022 2652 an
1037 2598 1135 2650 aucto·

129 2692 208 2751 rem,
237 2691 337 2734 ausum
368 2673 494 2752 aliquem
522 2673 579 2735 hoc
600 2676 772 2752 excogitare
795 2694 830 2736 an
853 2677 1006 2756 suscipere
1031 2693 1067 2736 an
1093 2677 1134 2734 in·

129 2755 225 2821 bere?
248 2776 337 2837 super
358 2760 452 2819 omnia
475 2760 531 2821 erit
551 2759 652 2838 populi
671 2759 778 2821 sedere
795 2762 856 2822 ausi
877 2761 960 2822 iuror
976 2769 1033 2822 tam
1046 2759 1133 2820 inllda

128 2843 317 2922 instabilique
343 2843 424 2906 sede.
461 2863 498 2905 en
522 2844 569 2904 hic
590 2852 637 2904 est
658 2843 709 2906 ille
725 2853 868 2906 terrarum
884 2847 980 2907 victor
995 2855 1025 2906 et
1043 2847 1168 2907 totiusao

129 2928 255 2990 domitor
272 2929 352 2991 orbis
370 2931 418 3009 qui
433 2931 550 3007 gentis,
569 2947 661 3008 regna
677 2929 802 3008 diribet,
828 2932 891 2991 iura
907 2932 1020 2992 exteris
1036 2930 1133 3010 mittit,

128 3013 248 3074 deorum
267 3014 407 3092 quaedam
425 3013 619 3075 inmortalium
640 3016 745 3092 generi
761 3014 884 3077 humano
900 3017 1016 3096 portio,
1032 3016 1062 3077 in
1077 3033 1133 3076 ma·

86 3109 137 3165 119
148 3098 231 3160 china
245 3099 375 3179 pendens
392 3107 423 3161 et
437 3098 472 3160 ad
483 3099 644 3179 periculum
658 3119 740 3161 suum
756 3100 910 3180 plaudens!
943 3119 1018 3182 quae
1034 3100 1131 3162 vilitas

127 3183 281 3244 animarum
304 3185 360 3244 ista
387 3194 436 3246 aut
458 3202 533 3263 quae
554 3185 673 3264 querela
698 3186 734 3247 dc
756 3183 881 3264 Cannis,
910 3195 1045 3266 quantum
1065 3185 1130 3246 mali

127 3270 222 3349 potuit
239 3268 388 3330 accidere!
419 3269 528 3331 hauriri
543 3270 623 3331 urbis
639 3278 737 3332 terrae
756 3270 881 3333 hiatibus
903 3271 1038 3351 publicus
1056 3285 1165 3332 mor-cs

127 3354 226 3415 talium
249 3351 334 3414 dolon
359 3363 422 3434 est,
450 3372 521 3417 ecce
543 3356 669 3436 populus
692 3354 840 3418 Romanus
862 3357 1017 3419 universus
1039 3356 1130 3418 veluti

126 3438 240 3501 duobus
264 3440 389 3519 navigiis
410 3441 555 3519 inpositus
579 3440 655 3501 binis
678 3441 842 3504 cardinibus
863 3443 1024 3503 sustinetur
1047 3448 1077 3502 et
1097 3459 1131 3502 se

125 3526 219 3605 ipsum
233 3524 448 3604 depugnantem
462 3534 576 3606 spectat
592 3528 741 3607 periturus
752 3534 898 3589 momento
911 3527 1008 3607 aliquo
1023 3527 1130 3589 luxatis
