2510 3898
168 223 208 283 94
368 229 372 233 ·
517 229 546 278 c.
563 229 658 277 romu
673 226 825 276 sucorum

170 397 354 470 spectantur,
383 396 471 466 atque
502 389 531 447 in
557 386 705 446 lenocinio
732 382 989 444 commendationis
1017 380 1103 442 dolor
1128 388 1175 442 est

128 487 307 551 idomenus,
334 491 395 533 cunr
422 471 451 531 id
479 480 600 550 ageret,
625 471 796 530 exstinctae.
836 467 900 548 [42]
923 466 993 526 Sunt
1021 467 1176 527 etiamnum

170 577 228 620 non
240 557 387 636 ignobiles
406 555 538 634 quidem,
556 558 585 614 in
604 563 770 615 transcursu
783 561 878 614 tamen
890 551 1003 613 dicendi
1021 549 1176 627 Aristocy-

170 645 234 722 des,
250 641 435 718 Anaxander,
447 640 633 702 Aristobulus
646 638 748 716 Syrus,
761 635 910 698 Arcesilas
924 635 1074 696 'lisioratis
1087 635 1176 713 lilius,

172 727 326 789 Coroebus
341 725 508 787 Nicomachi
525 723 703 803 discipulus,
728 720 946 782 Charmantides
962 719 1201 799 Euphranoris,e

170 811 393 890 Dionysodorus
412 807 629 890 Colophonius,
652 808 858 884 Dicaeogencs
877 807 925 886 qui
940 824 1005 867 cum
1022 805 1176 865 Demetrio

170 916 243 976 rego
265 897 357 973 vixit,
378 893 586 973 Euthymidas,
607 892 777 953 Heraclides
798 891 938 969 Macedo,
958 888 1049 950 lllilon
1066 889 1176 949 Soleus

169 980 341 1058 Pyromachi
360 982 479 1041 statuari
500 978 649 1058 discipuli,
672 975 850 1038 lllnasitheus
872 976 1043 1052 Sicyonius,
1070 972 1178 1034 Mnasi-

170 1068 255 1126 timus
272 1064 460 1126 Aristonidae
477 1065 552 1125 filius
566 1073 596 1124 et
612 1062 787 1139 discipulus,
803 1060 914 1122 Nessus
927 1059 1072 1121 Habronis
1087 1058 1177 1134 iulius,

170 1149 312 1212 Polemon
338 1150 571 1226 Alexandrinus,
600 1147 772 1208 Theodorus
794 1145 906 1206 Samius
930 1154 960 1206 et
988 1143 1105 1206 Stadios
1126 1142 1216 1204 Ni-1o

170 1234 320 1296 costhcnis
333 1235 484 1314 discipuli,
501 1233 606 1294 Xenon
620 1231 739 1294 Neoclis
753 1231 912 1312 discipulus
928 1229 1091 1306 Sicyonius.
1110 1228 1177 1309 [43]

129 1330 178 1385 147
193 1319 320 1380 Pinxere
342 1328 372 1380 et
392 1319 546 1380 mulieres:
577 1317 722 1380 Timarete
742 1314 865 1376 Miconis
888 1315 945 1374 lilia
961 1313 1079 1375 Dianam
1101 1331 1178 1392 quae

172 1407 201 1464 in
228 1404 324 1464 tabula
352 1403 461 1484 Ephesi
492 1413 538 1465 est
567 1403 784 1483 antiquissimae
812 1402 958 1479 picturae,
990 1399 1077 1460 Irene
1108 1395 1179 1458 Cra·

172 1491 223 1550 tini
244 1491 366 1568 pictoris
392 1489 450 1551 lilia
477 1499 507 1550 et
533 1487 673 1568 discipula
697 1485 821 1566 puellam
849 1493 994 1565 quaeest
1022 1483 1177 1562 Eleusine,

171 1571 300 1652 Calypso
320 1591 420 1635 senem
438 1583 468 1635 et
480 1575 736 1653 praestigiatorem
759 1570 960 1647 Theodorum,
985 1568 1178 1629 Alcisthenen
1190 1593 1216 1634 as

171 1659 358 1736 saltatorem,
375 1659 541 1719 Aristarete
553 1656 681 1718 Nearchi
694 1656 752 1717 lilia
766 1664 795 1716 et
807 1655 948 1734 discipula
960 1654 1177 1733 Aesculapium

171 1743 230 1803 laia
254 1740 399 1819 Cyzicena
420 1751 564 1823 perpetua
585 1745 671 1819 uirgo
693 1740 783 1802 Marci
805 1740 948 1802 Varronis
974 1741 1092 1800 iuventa
1116 1737 1178 1798 lio·

171 1847 234 1888 mae
252 1835 282 1886 et
297 1827 436 1905 penicillo
452 1828 545 1906 pinxit
562 1834 592 1887 et
607 1835 707 1888 cestro
722 1827 752 1886 in
762 1826 855 1888 ebore
871 1826 1012 1903 imagines
1025 1824 1179 1885 mulierum

170 1929 302 1972 maxume
319 1920 348 1972 et
361 1910 486 1990 Neapoli
504 1929 586 1972 anum
597 1911 626 1971 iu
641 1911 743 1989 grandi
760 1911 872 1987 tabula,
887 1927 966 1970 suam
978 1927 1095 1988 quoque
1108 1911 1178 1968 ima-

130 2007 180 2062 148
192 1999 290 2076 ginem
314 1996 349 2056 ad
365 1997 522 2076 speculum.
568 2015 623 2058 nec
643 1996 729 2056 ullius
750 1995 884 2056 velocior
903 1995 932 2056 in
949 1996 1061 2075 pictura
1077 2011 1217 2056 manusco

171 2083 242 2159 luit,
265 2083 335 2142 artis
355 2099 428 2142 uero
456 2089 564 2143 tantum
594 2090 624 2140 ut
647 2082 764 2144 multum
785 2080 964 2159 manipretiis
986 2079 1179 2140 antecederet

172 2167 383 2228 celeberrimos
405 2175 502 2228 aetate
525 2167 679 2244 imaginum
704 2168 837 2246 pictores
864 2165 996 2244 Sopolim
1022 2173 1052 2225 ct
1068 2163 1179 2240 Diony·

173 2253 260 2327 sium,
278 2269 398 2329 quorum
411 2251 527 2312 tabulae
543 2251 749 2330 pinacothecas
765 2248 887 2331 inplent.
932 2251 1026 2329 pinxit
1044 2257 1074 2309 et
1089 2267 1178 2328 quae·

172 2335 235 2397 dam
246 2335 410 2417 Olympias,
426 2337 463 2397 de
479 2355 534 2416 qua
545 2336 602 2397 hoc
614 2336 708 2397 solum
719 2344 914 2412 memoratur,
929 2334 1098 2412 discipulum
1112 2335 1178 2394 eius

171 2422 263 2482 fuisse
281 2422 468 2483 Autobulum.
1189 2437 1218 2479 ae

130 2517 180 2573 149
255 2505 335 2591 (41.)
358 2507 506 2568 Encausto
530 2505 668 2585 pingendi
693 2505 750 2566 duo
771 2507 854 2566 luere
876 2506 1033 2585 antiquitus
1054 2522 1178 2582 genera,

171 2609 240 2652 cera
256 2599 286 2652 et
301 2593 330 2650 in
345 2591 439 2652 ebore
456 2599 582 2668 cestro,¹
597 2591 626 2651 id
640 2599 687 2651 est
701 2591 842 2668 viriculo,
861 2591 955 2652 donec
969 2590 1079 2651 classes
1095 2590 1178 2668 pingi

172 2693 310 2753 coepere.
346 2676 403 2736 hoc
426 2677 544 2736 tertium
565 2678 692 2737 accessit
706 2675 846 2736 resolutis
862 2677 923 2754 igni
939 2677 1017 2738 ceris
1037 2673 1178 2754 penicillo

172 2760 288 2838 utendi,
317 2778 391 2839 quae
414 2762 526 2839 pictura
554 2760 674 2823 navibus
701 2780 757 2822 nec
777 2761 842 2822 sole
864 2779 920 2822 nec
940 2761 1002 2822 sale
1021 2761 1178 2839 ventisque

172 2847 374 2926 corrumpitur.
1188 2867 1217 2910 ao

132 2942 181 2994 150
257 2929 337 3012 (42.)
353 2931 478 3010 Pingunt
494 2939 524 2992 et
540 2932 633 2992 vestis
649 2931 678 2991 in
695 2931 834 3011 Aegypto
853 2933 930 2992 inter
944 2949 1035 3011 pauca
1051 2929 1177 2991 mirabili

171 3035 284 3094 genere
302 3016 421 3079 candida
437 3016 520 3095 vela,
536 3024 689 3096 postquam
703 3017 860 3094 attrivere,
881 3017 1038 3077 inlinentes
1054 3032 1112 3076 nou
1127 3032 1178 3075 co-

173 3101 283 3162 loribus
310 3101 362 3163 sed
391 3102 522 3164 colorem
547 3101 735 3162 sorbentibus
762 3101 988 3164 medicamentis.
1035 3102 1092 3162 hoc
1113 3119 1178 3160 cunr

171 3187 290 3263 iecere,
313 3205 372 3248 uon
388 3186 508 3266 adparet
525 3189 554 3247 in
569 3185 664 3263 velis,
687 3186 784 3248 sedin
804 3189 945 3248 cortinam
961 3187 1100 3266 pigmenti
1118 3187 1177 3246 ler-

171 3271 267 3332 uentis
288 3289 383 3333 mersa
399 3280 467 3352 post
483 3279 658 3333 momentum
674 3270 865 3332 extrahuntur
881 3273 968 3351 picta.
1003 3273 1176 3351 mirumque,
1187 3289 1215 3332 an

172 3375 235 3418 cum
247 3357 285 3417 sit
300 3375 372 3419 unus
391 3358 420 3417 in
436 3358 549 3418 cortina
566 3355 667 3434 colos,
687 3375 726 3417 en
739 3356 791 3418 illo
807 3355 879 3418 alius
896 3366 984 3437 atque
1000 3358 1073 3419 alius
1096 3357 1127 3416 lit
1146 3357 1177 3415 in

172 3449 256 3502 veste
276 3443 446 3523 accipientis
461 3442 661 3504 medicamenti
680 3441 819 3520 qualitate
834 3450 976 3522 mutatus,
1000 3459 1056 3504 neo
1070 3449 1177 3522 postca

171 3527 248 3587 ablui
266 3536 384 3608 potest,
411 3529 451 3588 ita
466 3529 578 3588 cortina
591 3545 649 3588 non
664 3527 751 3588 dubie
767 3529 921 3590 confusura
936 3528 1074 3607 colores,
1093 3529 1117 3586 si
1134 3526 1177 3605 pi·
