2468 3896
173 245 211 308 18
519 255 548 303 c.
564 253 823 303 aormsscuuor

171 413 241 475 tallo
256 412 334 492 qood
352 422 459 475 vocant
475 411 694 473 Albucrarense
711 410 859 471 tricesima
873 417 958 470 sexta
976 410 1073 487 portio
1090 410 1185 472 inve·

170 499 264 575 nitur,
279 496 347 559 ideo
366 499 475 560 ceteris
493 503 631 575 praestat.
668 494 841 572 ubicumque
859 495 958 573 quinta
974 495 1088 571 argenti
1105 513 1184 573 por-

171 585 212 642 tio
236 590 282 644 est
306 582 447 644 electrum
468 589 598 640 vocator.
639 579 746 640 scobes
768 578 823 639 hae
840 579 1025 656 reperiuntur
1041 579 1071 637 in
1088 597 1183 640 cana·

170 667 265 728 licusi.
295 668 371 728 litet
389 684 457 726 cura
473 665 613 726 electrum
627 672 750 741 argento
768 661 873 722 addito.
910 663 1028 741 quodsi
1044 664 1183 740 quintam

128 763 159 818 81
173 751 339 831 portionem
357 751 504 827 excessit,
527 747 677 809 incudibus
694 766 751 808 non
767 748 888 807 resistit.
920 745 1044 807 Vetusta
1062 755 1093 806 et
1112 747 1208 810 ele-s

172 845 235 897 otro
256 837 414 897 auctoritas
429 833 557 896 Homero
579 841 656 893 teste
672 834 719 911 qui
734 830 859 892 Menelai
873 832 983 908 regiam
998 848 1086 908 auro,
1111 831 1181 892 ele·

171 929 251 996 otro,
279 928 420 999 argento,
448 919 541 980 ebore
573 917 689 994 lulgere
716 916 811 977 tradit.
858 914 1008 975 Minervae
1033 915 1180 995 templum

170 1005 259 1065 hahet
274 1003 382 1065 Lindos
400 1004 511 1065 insulae
527 1001 723 1078 Rhodiorum,
738 1003 768 1061 in
785 1017 841 1079 quo
859 998 971 1060 Helena
985 1001 1110 1060 sacrauit
1126 1019 1181 1062 ca·

169 1089 256 1149 licem
277 1107 315 1151 ex
340 1089 470 1166 electro,
491 1087 577 1148 adicit
598 1086 739 1160 historia,
767 1102 904 1145 mammae
934 1100 1003 1144 suae
1025 1103 1178 1146 mensura.

171 1172 281 1235 Electri
295 1182 395 1234 natura
407 1181 453 1234 est
465 1173 500 1233 ad
510 1172 691 1231 lucernarum
701 1170 807 1231 lumina
821 1167 926 1228 clarius
937 1177 1060 1246 argento
1073 1168 1179 1248 splen·
1192 1187 1222 1229 ao

172 1258 251 1318 dere.
289 1256 366 1336 quod
387 1267 433 1318 est
453 1257 580 1316 nativom
609 1263 640 1315 et
665 1273 777 1315 uenena
808 1251 1011 1331 deprehendit.
1048 1271 1178 1332 namque

172 1342 335 1402 discurrunt
355 1343 384 1401 in
405 1341 543 1401 calicibus
565 1358 648 1401 arcus
671 1338 848 1400 caelestibus
871 1337 982 1398 similes
1003 1355 1066 1398 cum
1081 1339 1178 1416 igneo

172 1425 316 1503 stridore,
333 1434 362 1486 et
376 1428 492 1503 gemina
506 1426 620 1485 ratione
636 1424 814 1502 praedicunt.

128 1521 163 1574 82
238 1509 318 1589 (24.)
333 1510 433 1571 Aurea
448 1519 542 1571 statua
555 1511 646 1588 prima
661 1509 785 1567 omnium
801 1506 877 1566 nulla
894 1507 1032 1567 inanitate
1047 1514 1078 1566 et
1092 1515 1179 1567 ante·

171 1612 255 1674 quam
272 1613 310 1654 cx
324 1613 394 1654 acre
416 1593 511 1673 aliqua
527 1593 613 1652 modo
629 1593 731 1670 fieret,
756 1609 839 1671 quam
858 1599 963 1651 vocant
979 1589 1217 1669 holosphyra·1e

172 1687 240 1756 ton,
261 1680 291 1737 in
312 1677 421 1757 t'emplo
437 1677 589 1738 Anaetidis
611 1679 707 1756 posita
727 1677 848 1752 dicitur,
873 1692 930 1754 quo
957 1676 1014 1734 situ
1030 1683 1178 1735 terrarum

129 1780 299 1823 esanomen
330 1762 387 1822 hoc
423 1763 614 1839 signavimus,
644 1762 758 1821 nurnine
792 1759 928 1838 gentibus
955 1758 1013 1818 illis
1038 1761 1178 1820 sacratis·

129 1858 164 1914 83
176 1849 258 1907 simo.
281 1846 395 1924 direpta
413 1864 446 1907 ea
466 1853 511 1906 est
528 1845 638 1906 Antoni
655 1844 795 1904 Parthicis
812 1844 917 1920 rebus,
933 1845 1094 1922 scitumque
1110 1861 1177 1904 nar-

171 1939 252 1992 ratur
278 1939 481 1991 veterauorum
507 1931 590 1992 unius
615 1929 764 1990 Bononiae
796 1927 933 2007 hospitali
961 1927 1018 1987 divi
1045 1927 1175 2006 Augusti

173 2032 261 2091 cena,
284 2032 346 2074 cum
369 2015 567 2092 interrogatus
586 2023 667 2075 esset
678 2056 688 2091 ,
710 2032 848 2074 verumne
867 2020 948 2073 esset
965 2031 1030 2072 eurn
1046 2013 1095 2092 qui
1114 2014 1213 2091 pri-ao

172 2117 233 2158 mus
249 2099 390 2160 violasset
402 2098 430 2159 id
439 2117 542 2159 numen
554 2098 646 2159 oculis
657 2099 852 2176 membrisque
864 2106 977 2176 captum
989 2097 1174 2175 exspirasse,

172 2182 324 2262 respoudit
351 2184 426 2243 enim
454 2193 513 2243 tum
538 2201 668 2243 maxume
691 2182 853 2260 Augustum
883 2201 899 2242 e
929 2200 1014 2242 crure
1038 2182 1102 2241 eius
1124 2199 1175 2242 ce·

173 2286 244 2328 nare
272 2285 365 2346 seque
389 2267 468 2327 illurn
484 2286 553 2328 esse
577 2276 725 2347 totumque
752 2266 808 2326 sibi
823 2284 941 2326 censum
957 2283 995 2326 ex
1011 2282 1046 2326 ea
1061 2268 1172 2345 rapina.

172 2351 323 2413 llominum
345 2354 453 2431 primus
476 2360 507 2412 et
529 2370 646 2412 auream
669 2359 790 2411 statuam
807 2358 837 2411 et
848 2349 969 2410 solidam
983 2347 1072 2410 hllxa
1089 2352 1174 2410 circi·

172 2445 219 2497 ter
237 2436 401 2516 olympiade
426 2436 549 2514 Gorgias
572 2435 731 2496 Leontinus
752 2434 874 2513 Delphis
894 2437 923 2495 in
943 2433 1051 2513 templo
1073 2437 1210 2512 posuitas

172 2520 239 2581 sibi.
271 2530 366 2581 tantus
383 2529 447 2582 erat
462 2519 611 2581 docendae
627 2521 696 2579 artis
714 2521 861 2580 oratoriae
880 2527 1024 2598 quaestus.

130 2615 165 2670 84
240 2605 321 2687 (25.)
343 2605 454 2666 Aurum
476 2604 609 2683 pluribus
625 2603 717 2664 modis
739 2604 833 2683 pollet
848 2606 878 2664 in
896 2603 1050 2681 remediis,
1071 2603 1174 2665 volne-

172 2691 303 2767 ratisque
325 2697 355 2750 et
375 2689 533 2749 infantibus
553 2687 713 2767 adplicatur
733 2697 764 2748 ut
785 2689 876 2748 minas
901 2696 1026 2749 noceant
1041 2705 1116 2768 quae
1128 2690 1174 2748 in·

172 2773 301 2833 terantur
316 2773 467 2834 veneficia.
507 2781 554 2834 est
571 2781 601 2832 et
622 2775 678 2852 ipsi
695 2772 844 2852 superlato
862 2774 904 2833 vis
919 2772 1066 2850 malelica,
1088 2772 1172 2851 galli·

173 2876 271 2918 narum
291 2874 408 2936 quoque
436 2866 467 2918 et
492 2860 694 2936 pecuariorum
717 2858 830 2918 letaris.
871 2857 1028 2918 remedium
1050 2857 1208 2919 abluereao

172 2941 289 3002 inlatum
305 2950 335 3002 ct
350 2960 492 3020 spargere
505 2960 558 3003 eos
574 2942 677 3020 quibus
689 2941 799 3002 mederi
811 2942 896 3002 velis.
923 2949 1052 3002 torretur
1066 2949 1173 3002 etcum

174 3025 242 3087 salis
259 3028 377 3104 gemino
393 3025 543 3106 pondere,
565 3027 672 3105 triplici
686 3027 786 3104 misyis
808 3044 841 3087 ac
864 3046 965 3087 rursus
981 3044 1044 3086 cum
1061 3026 1173 3086 duabus

173 3110 241 3172 salis
258 3111 442 3190 portionibus
466 3121 496 3173 ct
520 3129 574 3172 una
596 3111 702 3191 lapidis
727 3127 812 3190 quem
830 3110 960 3171 schiston
980 3120 1093 3171 vocant.
1132 3113 1177 3171 ita

173 3196 252 3255 virus
267 3195 353 3255 tradit
368 3196 457 3258 rebus
472 3215 527 3258 una
542 3197 676 3258 crematis
692 3197 721 3256 in
737 3195 817 3256 fictili
832 3213 903 3256 vase
915 3196 1009 3274 ipsum
1025 3213 1126 3274 purum
1142 3203 1172 3256 et

130 3290 164 3347 85
176 3281 383 3359 incorruptum.
418 3282 526 3343 relicus
544 3283 616 3341 cinis
634 3289 766 3342 servatus
782 3282 812 3340 in
832 3279 912 3339 lictili
931 3298 969 3340 ex
984 3297 1057 3358 aqua
1072 3279 1205 3340 inlitusas

173 3363 302 3425 lichenas
319 3366 349 3425 in
363 3366 438 3426 lacic
458 3402 500 3412 -
520 3366 649 3427 lomento
672 3381 709 3426 eo
728 3365 864 3425 convenit
880 3363 956 3425 ablui
976 3398 1037 3440 -‚
1060 3363 1170 3423 listulas

174 3449 260 3510 etiam
276 3458 356 3511 sanat
379 3460 409 3511 ct
432 3468 506 3530 quae
521 3459 662 3512 vocantur
681 3449 932 3511 haemorrhoides.
967 3447 1068 3527 quodsi
1087 3448 1172 3508 tritus

172 3552 278 3615 pumex
297 3534 435 3614 adicitur,
458 3537 552 3614 putria
572 3536 671 3597 ulcera
686 3543 716 3594 et
733 3536 819 3596 taetri
835 3534 935 3595 odoris
956 3531 1107 3610 emendat,
1132 3551 1171 3592 ex
