2510 3898
168 216 227 276 134
510 225 540 274 o.
557 223 817 276 rumorosorum

166 385 269 445 sanite.
305 383 353 443 hic
374 382 450 442 enim
468 381 543 460 lapis
563 380 632 442 nihil
649 399 687 442 ex
707 399 775 440 sese
792 379 920 442 remittit.
951 379 971 439 ii
987 378 1099 458 lapides
1116 381 1185 459 quix

166 487 263 529 sucum
287 466 409 529 reddunt
436 459 822 528 oculorum‘medicaruentis
842 464 930 526 utiles
954 465 1165 542 existimantur,

123 564 175 618 158
186 552 253 614 ideo
270 551 438 632 Aethiopici
455 551 490 612 ad
506 569 541 612 ea
558 569 688 612 maxume
705 549 874 629 probantur.
906 547 1077 610 Taenarium
1092 548 1165 628 lapi·

165 638 230 699 dem
248 645 278 699 et
292 637 489 699 Phoeniceum
500 645 530 697 et
545 635 721 697 haematiten
735 635 771 694 iis
786 633 1003 695 medicamentis
1019 633 1166 713 prodesse

164 722 278 784 tradunt
303 741 377 802 quac
400 741 437 782 ex
460 739 549 782 croco
571 727 789 800 conponantur,
813 737 852 780 ex
870 719 927 780 alio
950 717 1093 780 Taenario
1115 719 1192 797 quie

164 809 249 886 niger
265 815 355 869 estet
373 827 411 868 cx
425 805 511 867 Pario
526 806 623 885 lapide
639 823 698 866 nou
715 822 809 884 acque
830 802 950 866 medicis
974 803 1090 883 utilem,
1112 820 1166 882 po·

163 893 328 970 tioremque
352 910 390 953 ex
410 891 579 952 alabastrite
595 890 744 970 Aegyptio
768 889 818 949 vel
833 906 871 950 ex
887 888 989 969 ophite
1006 887 1082 949 albo.
1118 895 1165 948 est

163 979 240 1037 enim
254 976 310 1036 hoc
325 995 419 1055 genus
436 975 544 1056 ophitis
563 995 601 1037 ex
618 993 677 1055 quo
698 992 767 1035 vasa
789 982 820 1036 et
837 973 925 1035 cados
941 974 1028 1035 etiam
1047 973 1163 1034 faciunt.

121 1072 171 1128 159
246 1061 329 1142 (44.)
353 1061 385 1121 ln
407 1060 518 1140 Siphno
541 1061 615 1141 lapis
639 1062 754 1140 estqui
780 1068 898 1122 cavatur
920 1067 1110 1140 tornaturque
1134 1061 1166 1120 in

162 1163 231 1206 vasa
245 1147 295 1207 vel
312 1146 472 1224 coquendis
490 1146 564 1207 cibis
580 1145 661 1206 utilia
675 1145 725 1206 vel
740 1143 775 1206 ad
794 1143 962 1206 esculentos
978 1163 1064 1225 usus,
1087 1145 1166 1224 quod
1175 1167 1205 1210 no

163 1239 192 1292 et
216 1231 246 1290 in
262 1228 400 1292 Comensi
424 1230 526 1292 ltaliae
548 1231 645 1309 lapide
665 1229 751 1291 viridi
772 1229 907 1292 accidere
923 1230 1046 1308 scimus,
1065 1229 1118 1292 sed
1135 1232 1165 1291 in

161 1315 283 1395 Siphnio
301 1317 450 1394 singulare
473 1316 550 1396 quod
571 1315 750 1377 excalfactus
770 1315 838 1376 oleo
858 1316 1001 1393 nigrescit
1022 1314 1166 1378 durescit·

161 1418 218 1478 que
233 1393 429 1463 mollissimus.
461 1409 539 1464 tanta
557 1401 736 1481 qualitatium
747 1399 910 1461 differentia
933 1409 997 1478 est,
1014 1418 1078 1460 nam
1092 1399 1166 1461 mol·

160 1484 241 1546 litiae
253 1495 331 1546 trans
343 1485 429 1565 Alpis
442 1489 598 1566 praecipua
611 1493 676 1547 sunt
687 1484 821 1564 exempla
836 1487 864 1545 in
879 1483 997 1564 Belgica
1012 1487 1164 1564 provincia

160 1569 309 1631 candidum
331 1571 456 1650 lapidem
472 1589 554 1632 serra
570 1589 624 1650 qua
645 1570 752 1648 lignum
770 1570 942 1648 faciliusque
958 1571 1045 1632 etiam
1061 1589 1163 1632 secan·
1173 1595 1202 1637 no

160 1655 230 1715 tium
247 1654 282 1714 ad
298 1655 461 1734 tegularum
482 1665 512 1717 ει
532 1656 681 1718 imbricum
702 1656 796 1716 vicem
815 1654 864 1717 vel
871 1698 881 1733 ,
910 1657 934 1714 si
955 1655 1062 1733 libeat,
1087 1673 1162 1734 quae

159 1747 265 1881 ponant
296 1757 463 1819 pavonacea
495 1740 613 1820 tegendi
645 1757 765 1817 genera.
816 1748 846 1801 et
878 1740 907 1800 hi
933 1738 1049 1821 quidem
1076 1741 1163 1802 scoti·

171 1843 203 1883 es
221 1831 295 1883 sunt.

118 1917 169 1972 160
243 1909 326 1988 (45.)
351 1907 519 1987 specularis
542 1926 631 1988 vero,
655 1911 790 1989 quoniam
811 1917 841 1970 et
861 1908 908 1970 hic
930 1908 1033 1989 lapidis
1054 1927 1160 1972 nomen

160 1994 291 2071 optinet,
313 1993 446 2054 faciliore
468 1993 558 2054 multo
577 2002 679 2055 natura
694 1995 810 2056 finditur
825 1995 855 2054 in
872 1994 1048 2074 quamlibeat
1062 1996 1159 2056 tenuis
1170 2015 1199 2060 ao

159 2085 280 2138 crustas.
311 2077 448 2157 Hispania
464 2077 539 2139 ho'no
553 2087 662 2140 tantum
676 2080 797 2141 citerior
814 2079 882 2139 olim
897 2078 999 2157 dabat,
1016 2098 1071 2140 uec
1086 2087 1160 2159 tota,

159 2162 212 2223 sed
233 2165 308 2224 intra
331 2172 446 2224 centum
469 2163 546 2224 milia
570 2182 706 2243 passuum
728 2166 805 2226 circa
830 2163 1024 2242 Segobrigam
1046 2164 1159 2244 urbem,

157 2247 213 2308 iam
236 2257 266 2308 et
281 2245 395 2327 Cypros
420 2257 450 2309 et
468 2246 651 2328 Cappadocia
674 2257 705 2311 ει
721 2249 820 2311 Sicilia
842 2257 872 2310 et
896 2266 989 2329 nuper
1012 2251 1160 2310 inventum

157 2330 275 2409 Africa,
305 2334 513 2412 postferendos
535 2343 630 2396 tamen
656 2336 748 2396 omnis
771 2334 946 2414 Hispaniae,
974 2331 1160 2414 Cappadocia

115 2427 163 2482 161
177 2418 370 2497 amplissimos
392 2419 605 2500 magnitudine,
626 2419 679 2482 scd
695 2421 847 2482 obscuros.
886 2419 958 2480 Sunt
973 2428 1003 2481 ct
1019 2421 1048 2479 in
1062 2419 1160 2480 Bouo-
1171 2439 1199 2480 nc

156 2504 250 2563 niensi
272 2502 373 2565 ltaliae
395 2513 479 2583 parte
502 2504 628 2582 breves,
656 2504 813 2584 maculosi,
835 2504 981 2585 conplexu
1004 2503 1095 2564 silicis
1111 2504 1159 2564 ad-

156 2586 254 2665 ligati,
279 2605 400 2665 quorum
421 2598 516 2651 tamen
537 2589 675 2668 adpareat
697 2598 797 2650 natura
813 2589 921 2650 similis.
954 2589 1049 2669 puteis
1064 2589 1093 2649 iu
1109 2588 1159 2649 lli·

155 2671 255 2749 spania
272 2671 407 2733 effoditur
429 2673 604 2753 eprofunda
619 2675 788 2752 altitudine,
810 2692 944 2736 necnon
966 2681 996 2735 et
1019 2691 1091 2735 saxo
1116 2675 1159 2734 in·

155 2755 253 2815 clusus
274 2756 328 2816 sub
350 2763 428 2817 terra
450 2759 597 2818 invenitur
613 2760 833 2840 extrahiturque
850 2768 899 2821 aut
919 2756 1071 2821 exciditur.
1105 2758 1158 2821 sed

154 2841 256 2900 maiori
278 2849 362 2920 parte
378 2841 474 2903 fossili
493 2851 610 2921 natura,
632 2844 783 2905 absolutos
798 2846 827 2904 iu
850 2864 884 2906 se
899 2844 1042 2907 caementi
1058 2843 1158 2922 modo,
1170 2869 1198 2912 30

154 2942 306 3004 numquam
330 2925 421 2987 adhuc
443 2929 569 3006 quinque
591 2927 696 3007 pedum
716 2929 896 3008 longitudine
914 2928 1046 3007 amplior.
1078 2947 1159 2989 umo-

153 3027 215 3069 rem
230 3009 305 3070 huuc
323 3019 421 3072 terrae
437 3011 557 3091 quadam
573 3014 666 3074 anima
683 3013 814 3092 crystalli
830 3013 916 3075 modo
931 3013 1051 3094 glaciari
1082 3023 1112 3075 ει
1128 3016 1159 3075 iu

154 3093 279 3172 lapidem
296 3112 491 3158 concrescere
506 3098 660 3159 manifesto
676 3098 815 3179 adparet,
836 3099 914 3177 quod
930 3115 993 3159 cum
1007 3098 1089 3160 ferae
1107 3099 1159 3160 de-

153 3178 253 3239 cidere
269 3181 298 3238 in
314 3189 420 3258 puteos
436 3182 519 3260 talis,
535 3183 678 3244 medullae
694 3183 727 3244 irt
739 3184 856 3245 ossibus
873 3201 970 3245 earum
988 3193 1057 3262 post
1072 3201 1157 3244 unam

111 3273 162 3330 162
174 3262 297 3325 hiemem
314 3266 342 3324 in
360 3266 479 3328 candem
498 3267 602 3346 lapidis
619 3275 746 3329 naturam
761 3269 927 3348 ligurantur.
959 3267 1109 3329 Invenitur
1125 3277 1194 3336 etas

152 3349 238 3427 niger
260 3348 431 3430 aliquando,
452 3352 505 3413 sed
528 3352 649 3413 candido
665 3363 765 3414 natura
779 3355 868 3433 mira,
893 3371 956 3414 cum
977 3353 1015 3414 sit
1032 3351 1157 3414 mollitia

151 3443 238 3511 nota,
260 3435 446 3514 perpetiendi
463 3436 544 3499 soles
561 3438 758 3518 rigoresque,
781 3457 836 3500 nec
852 3440 998 3516 senescit,
1021 3439 1045 3497 si
1066 3439 1156 3498 modo

150 3519 254 3580 iniuria
269 3520 363 3599 absit,
379 3539 443 3581 cum
459 3519 515 3583 hoc
527 3523 614 3584 etiam
628 3523 656 3584 in
671 3526 828 3586 caementis
844 3523 998 3586 multorum
1013 3541 1157 3602 generum
