2510 3898
104 257 164 320 124
449 261 479 310 c.
501 260 597 308 nunu
619 254 768 306 saeuum

103 429 185 491 Pauli
198 425 339 488 columnis
357 419 551 498 ePhrygibus
567 413 729 477 mirabilem
744 412 898 488 forumque
915 405 973 468 divi
985 404 1112 483 Augusti

105 523 135 578 et
150 512 288 592 templum
305 508 388 570 Pacis
408 504 584 584 Vespasiani
606 499 792 580 imperatoris
808 493 954 572 Augusti,
978 488 1113 571 pulcher-

105 602 176 661 rima
193 614 314 678 operum
329 610 403 672 quae
421 607 553 670 umquam
576 587 649 647 vidit
670 583 769 661 orbis,
790 598 849 642 non
872 587 902 639 at
921 575 1113 638 tectumdiri·

106 684 195 745 bitori
216 683 251 743 ab
270 681 404 759 Agrippa
423 677 511 753 iacti,
533 691 596 734 curn
618 671 763 731 theatrum
781 675 848 726 ante
874 664 984 724 texerit
1001 660 1113 721 Romae

63 783 115 839 103
124 769 262 830 Valerius
276 763 422 826 Ostiensis
437 759 613 821 architectus
625 755 702 817 ludis
717 746 859 813 Libonis?
887 749 931 828 [2]
951 745 1137 826 pyramidasc

105 873 208 932 regum
224 854 379 925 miramur,
395 865 458 908 cunr
474 845 568 906 solum
583 851 692 902 tantum
706 840 772 900 foro
789 832 968 898 exstruendo
985 830 1040 892 HS.
1057 827 1114 914 1551

107 938 217 1001 Caesar
239 932 491 996 dictator'emerit
514 937 560 1006 et,
591 929 615 988 si
638 943 724 1004 quem
745 925 867 1002 inpensa
895 926 995 979 movet
1021 916 1115 995 captis

107 1025 228 1086 avaritia
250 1021 368 1096 animis,
390 1016 446 1077 llS.
468 1009 627 1100 l'c'iffivffil
649 1010 735 1072 domo
759 1014 855 1088 empta
880 1003 1000 1064 Clodius
1029 1018 1116 1080 quem

106 1107 178 1170 lllilo
196 1106 302 1168 occidit
317 1103 511 1178 habitaverit,
533 1098 611 1177 quod
627 1095 762 1176 equidem
783 1110 842 1154 non
860 1107 946 1152 secus
964 1105 998 1148 ac
1012 1103 1115 1163 regum

66 1205 118 1261 104
129 1194 269 1254 insaniam
290 1191 389 1250 miror.
426 1189 526 1264 itaque
547 1185 643 1262 ipsum
662 1179 801 1241 Milonem
818 1175 988 1238 sestertium
1003 1173 1152 1250 septin-1o

107 1278 245 1358 genticns
269 1277 347 1337 aeris
365 1273 453 1334 alieni
476 1269 615 1330 debuisse
637 1269 716 1327 inter
739 1261 874 1343 prodigia
895 1259 980 1321 animi
1001 1257 1116 1317 humani

110 1364 184 1425 dico.
218 1362 271 1424 sed
288 1370 346 1420 tum
365 1377 452 1419 senes
468 1357 586 1434 aggeris
606 1359 720 1412 vastum
735 1350 860 1429 spatium
876 1354 906 1406 et
922 1342 1117 1404 substructio·

110 1468 162 1510 nes
191 1449 307 1508 insanas
331 1441 460 1523 Capitoli
481 1439 674 1515 mirabantur,
698 1442 854 1516 praeterea
877 1431 1013 1504 cloacas,
1042 1443 1117 1506 opus

110 1534 234 1594 omnium
255 1532 333 1593 dictu
355 1545 518 1589 maxumum
538 1524 683 1584 subfossis
698 1519 844 1580 montibus
861 1525 965 1596 atque,
988 1521 1020 1574 ut
1037 1510 1117 1592 paul-

84 1636 108 1673 u
122 1617 152 1679 lo
175 1625 242 1678 ante
264 1615 426 1693 retulimus,
438 1612 512 1672 urbe
523 1609 630 1689 pensili
642 1606 802 1682 subterque
812 1605 953 1680 navigata
964 1598 1002 1660 bl.
1014 1598 1155 1676 Agrip-1⁵

70 1711 187 1777 lodpaa
221 1701 250 1757 in
274 1699 423 1759 aedilitate
445 1704 514 1776 post
529 1692 715 1754 consulatum.
762 1681 1117 1768 [3lpermeantconrivati

112 1791 228 1864 septem
248 1798 347 1842 amnes
369 1795 514 1856 cursuque
529 1776 684 1856 praecipiti
708 1774 881 1833 torrentium
900 1768 988 1830 modo
1011 1785 1118 1846 rapere

113 1876 201 1947 atque
222 1867 340 1926 auferre
362 1864 458 1924 omnia
478 1863 590 1939 coacti,
620 1863 742 1938 insuper
764 1857 897 1919 imbrium
921 1854 999 1915 mole
1023 1852 1119 1914 conci·

111 1955 163 2013 tati
193 1949 266 2012 vada
292 1968 325 2010 ac
346 1948 440 2009 latera
464 1949 611 2025 quatiunt,
640 1943 795 2024 aliquando
823 1941 940 2002 'liberis
965 1947 1048 2000 retro
1077 1937 1120 1996 in·

111 2038 193 2099 fusus
208 2037 365 2114 recipitur,
388 2041 575 2113 pugnantque
592 2030 701 2092 diversi
724 2045 859 2107 aquarum
881 2028 1007 2105 impetus
1029 2025 1158 2098 intus,ao

71 2133 123 2189 loo
134 2130 165 2182 et
181 2130 276 2182 tamen
291 2119 399 2180 obnixa
415 2119 534 2178 firmitas
550 2117 673 2177 resistit.
705 2114 858 2175 trabuntur
879 2110 973 2171 moles
993 2125 1121 2189 superne

114 2213 212 2268 tantae
224 2224 283 2266 non
294 2203 548 2265 succumbentibus
561 2203 640 2262 cavis
653 2201 767 2280 operis,
776 2197 893 2278 pulsant
900 2197 1001 2257 ruinae
1014 2201 1120 2274 sponte

113 2292 294 2371 praecipites
324 2297 372 2348 aut
399 2290 533 2368 inpactae
561 2285 724 2362 incendiis,
754 2285 882 2363 quatitur
905 2281 1000 2342 solum
1022 2288 1121 2341 terrae

112 2376 258 2454 motibus,
278 2374 380 2436 durant
396 2382 491 2434 tamen
507 2393 522 2433 a
539 2372 698 2451 Tarquinio
713 2369 816 2430 Prisco
835 2368 917 2427 annis
932 2361 1010 2426 DCC
1024 2381 1121 2445 prope

111 2459 374 2540 inexpugnabiles,
391 2477 450 2519 non
466 2457 626 2518 omittendo
642 2454 825 2516 memorabili
845 2450 982 2530 exemplo
998 2449 1048 2511 vel
1064 2465 1158 2508 ma-as

112 2548 177 2624 gis,
200 2547 335 2625 quoniam
355 2545 557 2605 celeberrimis
575 2559 674 2602 rerum
689 2538 893 2601 conditoribus
911 2538 1049 2596 omissum
1065 2542 1120 2594 est.

71 2640 121 2697 tot
134 2649 198 2692 cum
225 2629 254 2690 id
285 2648 359 2708 opus
381 2628 553 2706 Tarquinius
572 2626 690 2687 Priscus
718 2624 816 2704 plebis
844 2622 975 2683 manibus
997 2622 1121 2697 iaceret,

114 2724 255 2793 essetque
285 2714 369 2775 labor
393 2715 535 2774 incertum
564 2712 656 2773 maior
688 2728 723 2770 an
751 2709 887 2787 longior,
920 2708 1028 2786 passim
1054 2722 1123 2766 con-

114 2802 187 2860 scita
209 2816 284 2860 nece
308 2796 471 2870 Quiritibus
494 2797 620 2859 taedium
642 2796 841 2874 fugientibus,
867 2810 975 2853 novom
992 2799 1021 2852 et
1040 2792 1123 2852 inex-

113 2887 273 2963 cogitatum
305 2891 372 2944 ante
398 2892 563 2964 posteaque
593 2881 753 2943 remedium
787 2880 899 2940 invenit
927 2877 978 2938 ille
1007 2895 1063 2938 rex
1092 2884 1161 2937 utao

115 2971 240 3031 omnium
252 2971 291 3030 ita
306 2968 506 3030 defunctorum
519 2985 645 3049 corpora
657 2967 764 3045 ingeret
777 2965 855 3026 cruci
868 2962 1027 3044 spectanda
1038 2961 1123 3024 simul
1182 2998 1184 3001 v

71 3065 123 3124 108
135 3055 248 3116 civibus
266 3055 379 3115 otieris
392 3054 621 3132 volucribusque
634 3051 796 3112 laceranda.
825 3049 1014 3129 quamobrem
1029 3048 1125 3128 pudor

113 3139 237 3200 Romani
261 3140 384 3199 nominis
407 3141 559 3219 proprius,
586 3139 635 3216 qui
658 3153 749 3216 saepe
769 3155 819 3197 res
843 3133 974 3215 perditas
994 3135 1125 3195 servavit

113 3228 144 3286 in
162 3223 305 3304 proeliis,
325 3232 394 3285 tunc
412 3241 529 3304 quoque
546 3222 700 3302 subvenit,
720 3221 773 3284 sed
788 3220 841 3282 illo
855 3229 990 3300 tempore
1006 3220 1035 3279 in
1054 3226 1125 3298 post

113 3312 201 3371 vitam
223 3308 420 3388 erubescens,
448 3327 512 3368 cum
542 3307 668 3389 puderet
686 3309 772 3369 vivos
796 3315 938 3385 tamquam
959 3303 1161 3384 puditurumes

115 3404 197 3457 esset
219 3396 392 3456 exstinctos.
432 3393 649 3473 amplitudinem
669 3394 749 3455 cavis
769 3411 833 3454 eam
856 3393 967 3452 iecisse
989 3389 1125 3470 proditur

72 3492 123 3548 109
136 3490 167 3541 ut
178 3480 283 3542 vehem
296 3480 375 3541 faeni
390 3479 473 3557 large
490 3489 622 3540 onustam
634 3481 852 3540 transmitteret.
887 3477 931 3556 [4]
948 3475 1041 3536 Parva
1057 3483 1126 3536 suut

115 3574 219 3632 cuncta
233 3582 308 3646 quae
323 3564 445 3625 diximus
463 3573 493 3624 et
512 3566 607 3625 omnia
628 3565 676 3625 uni
695 3562 880 3644 conparanda
895 3560 1054 3641 miraculo,
1076 3578 1125 3620 arr-
