2468 3896
321 534 356 616 0.
382 533 511 616 Plllll
539 533 740 618 stttttttt

223 689 517 783 tttttlttt
545 688 827 784 lllllllllllll

367 855 527 918 nunna
554 854 721 918 xxxin.

468 1013 618 1034 -r--——

93 1129 174 1207 (Sect.
197 1133 240 1211 l.)
268 1133 387 1194 llletalla
409 1143 482 1194 nunc
504 1136 643 1212 ipsaeque
666 1151 738 1212 opes
761 1143 791 1193 et
815 1152 909 1194 rerum
925 1136 1045 1213 pretiat

54 1211 151 1273 licentur
177 1216 317 1277 tellurem
342 1219 418 1277 intus
450 1219 623 1296 exquirente
651 1235 718 1276 cura
746 1217 895 1296 multiplici
922 1219 1020 1292 modo,

28 1319 30 1374 q
53 1298 129 1374 quippe
144 1298 210 1360 alibi
229 1301 342 1361 divitiis
357 1303 465 1362 loditur
480 1309 640 1380 quaerente
654 1302 712 1361 vita
725 1319 839 1378 aurum,
858 1311 1019 1380 argentum,

28 1381 31 1496 p
54 1379 175 1460 electrum,
193 1401 266 1461 aes,
290 1385 359 1446 alibi
376 1386 488 1446 deliciis
503 1403 631 1463 gemmas
649 1395 679 1445 et
694 1387 835 1463 parietum
850 1385 1019 1464 digitorum·

28 1479 88 1540 *tque
98 1467 254 1544 pigmenta,
275 1468 343 1530 alibi
363 1471 517 1530 temeritati
532 1471 640 1530 ferrum
659 1487 729 1529 auro
749 1471 834 1528 ctiam
853 1471 963 1546 gratius
978 1472 1019 1528 iu-

28 1587 30 1658 .
53 1547 156 1610 tcrlella
174 1553 343 1632 caedisque.
370 1555 572 1634 persequimur
592 1555 684 1612 omnis
703 1554 766 1613 eius
782 1553 869 1612 libras
885 1555 1018 1612 vivimus-

28 1661 30 1714 ξ
53 1647 179 1712 quesuper
197 1645 383 1715 excavatam,
405 1639 542 1698 mirantes
566 1637 720 1697 dehiscere
743 1636 896 1713 aliquando
915 1646 964 1696 aut
978 1639 1018 1696 in-

28 1729 30 1810 p
52 1719 198 1780 tremescere
219 1721 317 1798 illam,
343 1740 398 1782 ceu
425 1740 497 1782 vero
524 1739 582 1781 non
611 1722 667 1781 lroc
693 1721 890 1798 indignatione
918 1739 1018 1781 sacrae

28 1815 30 1832 ¹
53 1805 149 1873 parentis
170 1807 296 1884 exprimi
319 1807 422 1884 possit.
467 1807 539 1865 imus
564 1806 594 1864 in
620 1807 735 1866 viscera
763 1813 794 1864 et
818 1805 847 1865 in
868 1807 940 1866 sede
961 1818 1045 1868 maa

28 1883 102 1964 {cutm
126 1905 195 1966 opes
226 1892 392 1968 quaerimus
421 1899 562 1969 tamquam
589 1907 688 1968 parum
714 1889 841 1966 benigna
868 1889 1017 1968 fertilique

28 1973 30 2044 t
54 1981 87 2042 qua
105 1971 232 2033 calcatur.
283 1982 313 2034 et
335 1976 412 2034 inter
437 1973 509 2034 haec
532 1975 684 2032 minumum
709 1973 901 2033 remediorum
925 1975 1018 2050 gratia

54 2062 194 2134 scrutamur,
218 2067 311 2136 quoto
333 2061 408 2118 enim
427 2060 531 2136 cuique
553 2057 682 2117 fodiendi
696 2075 781 2116 causa
796 2057 936 2117 medicina
952 2056 1018 2118 est?

54 2148 184 2218 quanquam
201 2151 231 2201 et
250 2141 308 2202 hoc
326 2161 432 2202 somma
453 2144 496 2202 sui
516 2149 599 2220 parte
619 2141 719 2200 tribuit
744 2149 775 2199 ut
795 2141 913 2218 fruges,
938 2142 1017 2220 larga

52 2217 168 2300 tacitisque
180 2225 210 2284 in
226 2225 359 2286 omnibus
372 2243 568 2306 quaecumque
579 2233 708 2303 prosunt.
727 2223 776 2284 illa
790 2241 843 2283 nos
856 2235 1016 2303 peremunt,
1029 2239 1045 2292 3

28 2298 83 2388 tilla
94 2323 138 2366 uos
153 2308 187 2368 ad
204 2311 318 2370 inleros
333 2319 421 2388 agunt
437 2328 510 2390 qnae
523 2308 679 2369 occultavit
692 2316 780 2387 atque
796 2308 952 2386 demersit,
969 2309 1016 2370 illa

53 2400 101 2460 quae
114 2409 166 2452 non
180 2401 337 2454 nascuntur
353 2403 486 2472 repente.
516 2412 597 2453 mens
612 2393 647 2452 ad
664 2394 749 2452 inane
766 2391 886 2451 evolans
901 2403 1018 2471 reputet

53 2484 101 2543 quac
111 2473 209 2536 deinde
221 2478 316 2537 lutura
329 2480 366 2537 sit
378 2478 442 2538 linis
459 2476 591 2537 omnibus
603 2475 728 2536 saeculis
744 2474 931 2535 exhauriendi
944 2495 1017 2554 eam,

28 2571 29 2604 ³
54 2567 171 2637 quousque
188 2569 375 2638 penetratura
392 2563 521 2622 avaritia.
551 2579 632 2640 quam
648 2562 806 2636 innocens,
822 2577 905 2638 quam
921 2561 1017 2638 beata,

28 2645 29 2696 ἒ
53 2635 112 2699 inno
130 2661 199 2705 vero
220 2647 306 2706 etiam
329 2645 452 2706 delicata
469 2653 550 2706 esset
570 2647 646 2721 vita,
663 2646 687 2704 si
705 2641 775 2704 nihil
798 2643 910 2704 aliunde
936 2663 1017 2724 quam

28 2725 114 2798 :lttpra
139 2736 230 2788 terras
261 2731 504 2807 concupisceret,
537 2728 745 2806 breviterque,
777 2728 831 2786 nisi
863 2729 939 2805 quod
973 2751 1018 2791 se·

54 2810 160 2870 uuest!

67 2972 72 2984 .
95 2893 146 2973 (l.)
165 2895 284 2956 Eruitur
306 2915 404 2957 aurum
425 2905 455 2957 et
476 2895 659 2972 chrysocolla
685 2897 781 2972 iuxta,
807 2905 837 2956 ut
856 2899 1044 2975 pretiosiori

55 2972 155 3067 ttdeatur
168 2998 274 3041 nomen
293 3000 330 3041 ex
345 2999 414 3041 auro
437 2981 616 3040 custodiens.
647 2998 747 3059 parum
763 2981 838 3040 euim
855 2989 917 3040 erat
934 2999 1016 3040 unam

55 3064 108 3118 utac
120 3063 263 3125 invenisse
279 3073 404 3144 pestem,
416 3066 471 3124 nisi
486 3067 515 3124 in
530 3065 625 3143 pretio
643 3073 724 3124 esset
736 3065 797 3124 auri
811 3065 897 3124 etiam
910 3067 1015 3125 sanies.

37 3145 182 3214 tquaerebat
192 3159 343 3227 argentum
358 3151 488 3229 avaritia,
501 3149 568 3209 boni
585 3147 731 3208 consuluit
743 3149 857 3208 interim
868 3150 1017 3210 invenisse

55 3223 154 3314 niniam,
174 3234 363 3312 rubentisque
380 3242 477 3292 terrae
499 3233 679 3309 excogitavit
696 3249 784 3291 usum.
822 3231 877 3292 heu
894 3232 1017 3311 prodiga

56 3316 157 3394 ingenia,
179 3327 249 3396 quot
262 3318 355 3377 modis
376 3319 505 3378 auximus
521 3317 615 3396 pretia
631 3315 743 3376 rerum!
774 3318 898 3376 accessit
913 3334 959 3376 ars
976 3319 1017 3394 pi-

56 3398 128 3457 tltrae
144 3411 171 3460 et
185 3420 284 3462 aurum
305 3410 513 3480 argentumque
538 3399 677 3460 caelando
698 3400 792 3459 carius
815 3400 954 3476 lecimus,
977 3401 1018 3460 di-

56 3471 104 3537 licit
120 3482 197 3546 homo
218 3495 346 3562 naturam
366 3503 537 3564 provocare.
584 3501 693 3543 auxere
718 3491 747 3542 et
769 3491 860 3599 arterp
883 3485 1017 3542 vitiorum

815 3569 828 3624 l
