2468 3896
137 238 176 326 28
482 245 784 295 1111111111111

137 406 224 466 multa
246 404 326 465 lrello
351 402 428 463 civili
449 402 643 483 perdidisset,
672 409 765 462 tamen
793 400 960 478 relinquere
980 414 1142 459 servorum

138 498 274 568 quattuor
292 487 369 547 milia
392 496 505 547 centum
527 486 671 563 sedecim,
697 487 764 562 iuga
785 484 871 545 bourn
893 487 947 543 tria
965 483 1043 543 milia
1066 501 1141 542 sex-

138 583 233 650 centa,
245 573 350 650 reliqui
363 573 478 650 pecoris
492 568 540 630 GC
551 572 755 650 quinquaginta
768 578 881 646 sepiem
893 568 980 644 milia,
995 569 1023 628 in
1036 585 1138 627 nume-

98 668 147 722 136
159 667 223 718 rato
240 655 294 716 HS.
312 653 393 740 1561,
414 656 541 715 funerari
558 674 590 714 se
608 656 693 714 iussit
708 651 762 712 HS.
778 651 844 737 liii.
870 658 1029 729 congerant
1045 668 1139 711 ence-

138 741 233 802 deutis
250 758 396 801 numerum
419 758 509 818 opes,
532 748 620 816 quota
642 747 736 798 tamen
751 741 849 816 portio
872 746 956 796 erunt
971 734 1169 798 Ptolemaeis

139 844 224 905 quern
235 824 330 885 Varro
345 824 430 884 tradit
445 823 585 901 Pompeio
597 842 646 883 res
657 831 781 900 gerente
793 823 869 882 circa
879 820 1012 880 Iudaeam
1027 826 1139 879 octona

137 911 215 970 milia
230 911 356 988 equitum
367 927 418 969 sua
430 909 551 987 pecunia
565 907 749 983 toleravisse,
766 905 845 966 mille
860 905 997 964 convivas
1012 903 1139 963 totidem

138 995 234 1054 aureis
257 995 382 1072 potoriis
413 1000 567 1052 mutantem
595 1009 629 1050 ea
650 1008 718 1050 rasa
743 1009 806 1050 cum
825 989 944 1049 ferculis
970 989 1138 1065 saginasse,

139 1087 228 1157 quota
251 1095 322 1137 vero
347 1077 398 1137 ille
421 1078 487 1154 ipse
506 1107 550 1118 --
571 1093 666 1153 neque
684 1077 759 1135 enim
775 1073 811 1132 de
826 1073 947 1150 regibus
966 1071 1073 1151 loquor
1091 1104 1140 1118 —-

97 1171 147 1226 137
159 1164 257 1240 portio
273 1163 360 1222 fuerit
371 1159 467 1236 Pythii
481 1158 610 1235 Bithyni!
629 1159 774 1237 platanum
789 1175 904 1218 auream
918 1159 1066 1235 vitemque
1083 1173 1138 1215 no·
1150 1183 1184 1224 10

141 1246 208 1306 bilis
232 1245 296 1306 illas
313 1245 402 1305 Dario
423 1245 488 1321 regi
503 1242 638 1319 donavit,
659 1241 767 1302 Xerxis
784 1243 901 1322 copias,
923 1241 978 1300 hoc
997 1250 1042 1302 est
1064 1239 1136 1326 ΙῨῙΪΙ

138 1349 308 1400 LXXXVIII
334 1331 494 1405 hominum,
524 1329 642 1406 excepit
671 1326 776 1406 epulo,
808 1325 982 1405 stipendium
1007 1327 1137 1404 quinque

140 1432 268 1475 mensum
287 1416 518 1490 frumentumque
548 1411 716 1490 pollicitus,
742 1419 773 1470 ut
792 1430 808 1471 e
832 1412 957 1489 quinque
980 1410 1083 1470 liberis
1106 1412 1138 1468 in

140 1499 256 1560 delectu
272 1500 415 1560 senectuti
431 1514 501 1556 suae
519 1515 589 1555 unus
605 1495 707 1556 saltem
722 1495 944 1555 concederetur.
973 1495 1047 1555 lrunc
1065 1512 1139 1573 quo-

141 1601 198 1661 qne
223 1586 315 1661 ipsum
343 1583 446 1660 aliquis
472 1589 613 1659 conparet
641 1577 755 1640 Croeso
780 1581 854 1656 regi.
899 1596 989 1657 quaa,
1015 1578 1180 1640 malumlrs

140 1669 263 1727 amentia
287 1676 332 1727 est
353 1666 381 1726 id
403 1669 432 1725 in
456 1667 513 1726 vita
532 1681 642 1742 cupere
658 1665 734 1741 quod
757 1673 804 1724 aut
821 1672 850 1724 et
865 1666 960 1724 servis
979 1665 1139 1742 contigerit

139 1758 188 1809 aut
201 1769 238 1811 ne
251 1752 281 1810 in
300 1750 420 1828 regibus
435 1749 550 1827 quidem
564 1749 708 1808 invenerit
725 1747 823 1808 linem!

101 1845 151 1899 138
226 1835 307 1913 (48.)
332 1833 460 1912 Populus
484 1831 629 1892 Romanus
658 1834 763 1910 stipem
794 1850 935 1912 spargere
961 1833 1060 1911 coepit
1083 1831 1136 1912 Sp.

141 1918 289 1978 Postumio
305 1915 341 1989 Q.
354 1917 462 1978 lllarcio
479 1932 575 1993 coss,
595 1925 672 1977 tanta
688 1916 858 1978 abundantia
873 1919 1013 1996 pecuniae
1029 1926 1091 1977 erat
1104 1927 1138 1977 ut

142 2021 204 2062 eam
224 2005 374 2062 conferret
388 2000 418 2060 L.
435 2001 564 2078 Scipioni
585 2020 623 2061 ex
644 2019 698 2079 qua
714 2003 739 2061 is
756 2001 840 2061 ludos
863 2003 942 2063 lecit.
977 2020 1041 2062 nam
1058 2003 1179 2080 quodao

141 2086 291 2165 Agrippae
308 2085 444 2146 Menenio
461 2086 602 2145 sextantis
620 2087 698 2145 aeris
713 2087 743 2145 in
758 2086 842 2145 iunus
859 2085 997 2162 contulit,
1015 2086 1137 2147 honoris

141 2170 170 2231 id
186 2172 431 2248 necessitatisque
453 2176 576 2248 propter
600 2179 800 2248 paupertatem
815 2170 981 2250 Agrippae,
1002 2189 1060 2232 non
1081 2170 1138 2232 lar·

142 2255 262 2331 gitionis
279 2274 347 2315 esse
365 2253 505 2314 duxerim.

100 2349 150 2403 139
224 2341 271 2399 11.
290 2339 372 2417 (49.)
390 2337 468 2397 Vasa
484 2356 522 2398 ex
537 2347 660 2415 argento
676 2341 747 2398 mire
762 2340 953 2400 inconstantia
968 2339 1081 2400 humani
1094 2341 1138 2400 in-

142 2424 210 2499 geni
226 2425 318 2484 variat
333 2422 439 2484 nullum
457 2440 550 2499 genus
568 2423 701 2483 officinae
720 2423 767 2483 diu
784 2423 943 2502 probando.
973 2442 1048 2484 nunc
1065 2423 1177 2490 Fur-as
1230 2475 1232 2482 ,

142 2507 243 2584 niana,
268 2526 342 2567 nunc
364 2505 518 2582 Clodiana,
540 2524 614 2566 nunc
636 2505 786 2583 Gratiana,
806 2541 849 2553 -
871 2509 978 2568 etenim
1000 2508 1136 2568 tabernas

142 2593 249 2652 mensis
261 2591 429 2670 adoptamus
441 2623 494 2667 —,
509 2607 583 2650 nunc
600 2591 752 2670 anaglypta
771 2593 1015 2672 asperitatemque
1034 2594 1137 2653 exciso

102 2683 152 2737 110
164 2676 240 2735 circa
253 2675 386 2735 liniarum
404 2676 531 2752 picturas
548 2677 727 2753 quaerimus,
749 2677 805 2736 iam
825 2694 897 2736 vero
915 2685 945 2736 et
961 2694 1075 2737 mensas
1089 2696 1138 2737 re·

141 2759 294 2836 positoriis
319 2760 482 2840 inponimus
509 2757 544 2817 ad
569 2761 735 2821 sustinenda
766 2762 907 2839 opsonia,
933 2760 1136 2822 interradimus

141 2841 215 2919 alia,
245 2852 275 2902 ut
298 2861 381 2923 quam
403 2843 562 2922 plurumum
585 2842 651 2903 lima
673 2843 839 2922 perdiderit.
877 2863 946 2906 vasa
969 2847 1177 2925 coquinariaao

143 2945 181 2986 en
195 2936 318 3005 argento
342 2929 404 2987 lieri
422 2924 528 2986 Calvus
545 2937 643 2988 orator
664 2930 797 3006 quiritat,
816 2938 845 2988 at
867 2947 921 2989 nos
942 2947 1075 2990 carrucas
1092 2947 1138 2989 ar·

142 3018 232 3087 gento
250 3012 365 3072 caelare
380 3012 559 3088 invenimus,
576 3020 733 3090 nostraque
750 3020 846 3074 aetate
857 3013 995 3092 Poppaea
1011 3016 1137 3074 coniunx

142 3092 268 3155 Neronis
283 3097 421 3175 principis
437 3093 535 3155 soleas
550 3094 769 3157 delicatioribus
783 3097 918 3158 iumentis
935 3100 995 3158 suis
1011 3117 1050 3159 en
1066 3115 1136 3157 auro

144 3195 261 3257 quoque
277 3179 405 3241 induere.

103 3274 150 3326 111
227 3263 308 3342 (50.)
337 3262 467 3341 Triginta
495 3263 551 3324 du'o
576 3264 666 3325 libras
690 3266 802 3343 argenti
830 3265 983 3326 Africanus
1007 3283 1170 3344 sequensar

143 3347 243 3408 heredi
268 3348 387 3428 reliquit
408 3347 558 3426 idemque,
580 3367 643 3408 cum
662 3348 698 3408 de
714 3348 821 3410 Poenis
843 3349 1046 3428 triumpharet,
1064 3351 1133 3419 ᾗῇ.

145 3428 297 3492 GCCLXX
311 3432 409 3511 pondo
425 3431 576 3493 transtulit.
604 3432 660 3494 hoc
674 3435 786 3510 argenti
801 3441 862 3494 tota
876 3431 1021 3513 (lartlrago
1036 3433 1136 3496 habuit

144 3515 193 3576 illa
210 3523 350 3576 terrarum
365 3516 493 3592 aemula,
509 3525 580 3593 quot
596 3535 756 3578 mensarum
770 3526 874 3596 postea
889 3518 1024 3598 adparatu
1042 3519 1133 3580 victa!
