2510 3898
192 222 232 286 92
539 235 569 285 c.
585 211 845 284 Phrnrsncuuur

192 391 344 472 losophum
360 393 506 452 mitterent
527 391 562 452 ad
577 389 750 452 crudiendos
765 389 894 466 liberos,
913 389 984 450 'item
998 389 1143 468 pictorem
1159 389 1197 450 ad

193 476 363 554 triumphum
379 475 587 552 excolendum,
605 475 801 535 Athenienses
821 471 1019 534 Metrodorum
1035 472 1196 550 elegerunt

193 561 320 638 professi
337 561 458 621 eundern
470 561 499 619 in
511 569 636 638 utroque
648 557 796 619 desiderio
812 559 1100 636 praestantissimum,
1114 556 1196 635 quod

152 655 203 709 136
213 644 252 704 ita
270 643 374 705 Paulus
396 661 513 723 quoque
538 645 683 704 iudicavit.
713 640 912 702 Timomachus
937 641 1092 719 Byzantius
1118 639 1196 702 Gae-

193 729 266 788 saris
288 727 438 788 dictatoris
460 736 557 788 aetate
580 727 698 787 Aiacem
726 734 756 787 et
781 723 903 786 Mediam
927 727 1019 804 pinxit
1046 725 1081 786 ah
1104 743 1141 786 eo
1164 728 1219 785 inc

194 811 321 872 Veneris
344 810 507 873 Genetricis
529 811 602 872 aede
623 812 751 889 positas,
779 811 927 888 octoginta
951 809 1066 870 talentis
1083 828 1195 871 venun-

194 895 283 955 datas.
316 894 454 956 talentum
475 895 601 956 Atticum
619 894 702 962 XVI
718 903 796 955 taxat
818 891 857 954 ll.
871 894 976 955 Varro.
1016 893 1194 958 Timomachi

194 997 288 1057 aeque
308 979 457 1040 laudantur
478 978 617 1056 Orestes,
642 978 793 1058 Iphigenia
815 979 844 1038 in
864 977 966 1040 'lauris
985 986 1016 1039 ct
1030 977 1193 1055 Lecythion

194 1063 333 1140 agilitatis
346 1064 534 1141 exercitator,
546 1064 682 1142 cognatio
695 1062 844 1139 nobilium,
856 1062 964 1142 palliati
976 1080 1050 1141 quos
1063 1055 1193 1122 dic'turos

170 1173 175 1178 ·
194 1149 302 1225 pinxit,
319 1148 439 1208 alterum
453 1155 586 1225 stantem,
599 1147 721 1208 alterum
736 1147 896 1208 sedentem.
923 1148 1080 1226 praecipue
1096 1154 1193 1206 tamen
1206 1163 1233 1205 ao

152 1239 201 1296 1³7
215 1250 261 1291 ars
275 1235 302 1294 ci
317 1234 426 1293 lavisse
441 1234 470 1292 in
482 1230 620 1310 Gorgone
634 1233 696 1291 visa
711 1239 767 1292 est.
800 1230 863 1311 [31]
881 1230 1001 1292 Pausiae
1013 1231 1088 1290 lilius
1105 1239 1135 1290 et
1149 1229 1194 1289 di·

195 1316 322 1394 scipulus
339 1316 503 1377 Aristolaus
523 1335 541 1377 e
561 1316 755 1377 severissimis
770 1315 931 1394 pictoribus
948 1316 1013 1393 luit,
1029 1315 1112 1375 cuius
1125 1323 1194 1374 sunt

194 1398 424 1479 Epaminondas,
442 1400 588 1476 Pericles,
603 1399 698 1460 lledia
707 1443 716 1476 ,
731 1397 848 1476 Virtus,
864 1399 1013 1476 Theseus,
1029 1401 1123 1476 imago
1140 1399 1193 1456 At-

196 1484 271 1547 ticae
286 1485 398 1564 plebis,
420 1486 526 1545 hovom
546 1484 707 1546 immolatio.
750 1482 822 1543 Sunt
840 1484 944 1562 quihus
960 1491 989 1543 et
1004 1481 1192 1560 Nicophanes

195 1570 324 1630 eiusdem
332 1569 452 1630 Pausiae
461 1569 619 1648 discipulus
634 1568 747 1648 placeat
761 1567 911 1645 diligentia
924 1586 1008 1646 quam
1018 1566 1194 1644 intellegant
1206 1585 1231 1626 aa

196 1652 251 1713 soli
270 1654 414 1730 artifices,
437 1653 508 1714 alias
525 1653 612 1714 durus
629 1655 658 1712 in
672 1652 821 1714 coloribus
843 1660 873 1712 et
889 1652 945 1713 sile
960 1651 1064 1711 multus
1076 1667 1195 1710 -uam

196 1736 334 1797 Socrates
351 1739 412 1797 iure
426 1737 557 1798 omnihus
570 1736 667 1815 placet
682 1771 732 1796 -.
756 1736 829 1797 tales
842 1744 908 1796 sunt
923 1737 986 1797 cius
1003 1753 1066 1796 cum
1081 1735 1195 1796 Aescu·

196 1819 274 1898 lapio
296 1821 371 1881 liliae
393 1819 503 1899 Hygia,
528 1820 643 1898 Aegle,
661 1820 808 1898 Panacea,
830 1820 896 1880 lasc
918 1829 948 1881 et
969 1821 1054 1899 piger
1074 1821 1124 1898 qui
1144 1836 1194 1897 ap-

196 1903 322 1982 pellatur
334 1903 448 1981 Ocnos,
471 1913 598 1982 spartum
612 1909 751 1983 tor'quens
764 1905 840 1983 quod
856 1905 965 1966 asellus
981 1903 1102 1965 adrodit.
1127 1902 1192 1986 [32]

156 1999 206 2053 138
218 1988 362 2049 Hactenus
380 1988 512 2050 indicatis
529 1989 752 2068 proceribusin
773 1997 896 2067 utroque
912 2007 1024 2067 genere
1040 2006 1098 2049 non
1120 1988 1189 2049 sile·
1201 2003 1229 2044 ao

197 2071 302 2132 huntur
324 2081 355 2134 ct
374 2073 473 2151 primis
497 2075 646 2152 proxumi:
684 2072 877 2134 Aristoclides
904 2075 951 2152 qui
978 2075 1069 2151 pinxit
1091 2072 1194 2133 aedem

196 2155 490 2236 ApollinisDelphis.
525 2157 691 2236 Antiphilus
711 2175 806 2236 puero
826 2158 923 2236 iguem
937 2157 1081 2218 conilante
1098 2156 1193 2216 lauda·

196 2249 243 2300 tur
258 2258 292 2300 ac
307 2241 426 2320 pulchra
441 2241 512 2304 alias
527 2242 612 2302 domo
625 2241 850 2320 splendescente
866 2243 1016 2321 ipsiusque
1032 2243 1115 2320 pueri
1127 2257 1193 2316 cre,

196 2325 264 2385 item
280 2324 405 2387 lanihcio
418 2327 517 2405 inquo
533 2335 690 2405 properant
704 2327 827 2387 omniurn
842 2327 991 2388 mulierum
1007 2343 1108 2405 pensa,
1125 2323 1193 2384 Pto·

196 2408 309 2471 lcmaeo
326 2420 468 2488 venante,
492 2411 544 2472 sed
567 2410 747 2472 nobilissimo
767 2409 871 2487 Satyro
889 2428 953 2471 cum
973 2410 1051 2488 pelle
1073 2408 1231 2488 parthe-as

196 2494 274 2570 rina,
298 2512 383 2574 quem
404 2503 643 2574 aposcopeuonta
667 2493 824 2573 appellant.
871 2494 1052 2573 Aristophou
1071 2493 1193 2554 Ancaeo

196 2577 350 2638 volnerata
369 2579 404 2640 ah
421 2597 492 2658 apro
514 2595 576 2638 cum
597 2579 678 2638 socia
692 2577 803 2639 doloris
821 2579 963 2658 Astypalc
980 2594 1193 2655 numerosaque

197 2660 292 2720 tabula
307 2663 335 2721 in
354 2680 408 2741 qua
424 2670 489 2722 sunt
505 2660 651 2739 Priamus,
666 2660 788 2739 llelena,
804 2660 978 2739 Credulitas,
996 2661 1109 2739 Ulixes,
1125 2661 1194 2722 Dei·

155 2753 205 2808 139
222 2743 353 2822 phohus,
374 2744 475 2806 Dolus.
510 2745 675 2806 Androhius
692 2748 784 2824 pinxit
800 2746 925 2823 Scyllum
942 2764 1062 2808 ancoras
1081 2747 1194 2826 pracci-

197 2826 313 2889 dentern
328 2828 464 2890 Persicae
485 2829 606 2916 classis,
632 2828 774 2890 Artemon
795 2830 913 2892 Danaen
937 2831 1105 2892 mirantibus
1130 2845 1231 2891 caman

196 2913 409 2990 praedonibus,
429 2915 560 2992 reginam
576 2912 779 2991 Stratonicen,
800 2913 954 2976 llerculern
971 2925 1001 2976 et
1017 2915 1193 2992 Deianiram,

195 2997 389 3058 nobilissimas
405 3006 518 3076 autem,
539 3015 613 3077 quae
629 3007 694 3058 sunt
710 3001 738 3059 in
754 2997 1063 3079 oecolampadius,
1085 2997 1193 3060 llercu·

196 3079 252 3140 lam
267 3083 302 3143 ab
315 3081 389 3143 Oeta
403 3092 500 3145 rnonte
510 3082 637 3144 Doridos
651 3092 753 3142 exusta
768 3085 944 3145 mortalitate
959 3101 1105 3145 consensu
1122 3083 1192 3144 dcc·
1213 3157 1217 3166 ι

196 3184 257 3225 rurn
272 3167 301 3226 in
316 3166 430 3227 coelum
442 3176 573 3243 euntem,
599 3165 803 3240 Laomedontis
824 3169 901 3229 circa
917 3167 1070 3229 Herculem
1090 3176 1121 3238 et
1134 3166 1193 3227 Ne·

196 3257 312 3328 ptunum
334 3249 493 3312 historiam.
532 3250 710 3313 Alcimachus
739 3251 933 3332 Dioxippum,
965 3253 1013 3332 qui
1042 3252 1228 3331 pancratio³⁵

195 3331 326 3413 Olympia
346 3337 418 3396 citra
440 3337 569 3415 pulveris
593 3337 714 3413 iactum,
742 3336 820 3416 quod
835 3345 939 3398 vocant
960 3338 1083 3416 aconiti,
1112 3338 1191 3410 vicit,

151 3427 203 3483 140
219 3416 335 3479 Coenus
350 3427 508 3481 stemmata.
528 3420 592 3501 {331
609 3417 793 3482 Ctesilochus
808 3421 923 3500 Apellis
939 3421 1096 3500 discipulus
1110 3429 1192 3500 petu-

194 3501 262 3562 lanti
281 3504 392 3581 pictura
411 3505 551 3583 innotuit,
575 3505 644 3565 love
660 3501 795 3567 Liberum
811 3508 989 3588 parturiente
1005 3506 1122 3585 depicto
1140 3504 1191 3564 nni·
