2510 3898
157 204 217 268 156
508 217 538 266 o.
555 216 651 264 annm
667 215 818 266 sacuam

149 393 229 453 rege
251 372 414 450 Babylonio
434 373 546 434 muneri
568 374 684 434 missum
705 370 887 449 ,zmaragdum
909 369 965 432 llll
992 370 1160 432 ouhitorunr

155 458 337 537 longitudine
358 474 392 518 ae
409 457 493 516 trium
515 456 684 534 latitudine,
708 464 739 517 et
754 457 846 518 luisse
863 454 937 534 apud
954 472 1010 517 eos
1026 456 1057 516 in
1076 455 1158 518 lonis

152 541 278 604 delubro
291 542 452 604 obelisoum
465 541 549 604 e-llll
559 542 719 621 zmaragdis
731 539 780 601 XL
791 540 953 602 eubitorum
962 539 1159 618 longitudine,

111 636 145 692 75
158 627 309 689 latitudine
324 645 397 690 vero
412 628 442 688 in
455 636 542 707 parte
557 635 704 706 quattuor,
718 627 749 687 in
764 633 847 705 parte
863 625 994 703 duorum,
1012 643 1046 685 se
1057 633 1159 686 autem

151 711 304 774 seribeute
330 731 398 774 esse
425 713 453 773 in
474 710 553 790 Tyro
579 710 713 772 Herculis
741 710 850 788 templo
872 709 969 772 stelen
988 708 1115 788 'amplam
1135 729 1184 772 es

154 797 328 874 zmaragdo,
355 797 410 857 nisi
439 798 538 875 potius
562 795 845 876 pseudozneragdus
874 795 931 872 sit,
959 811 1022 855 nam
1049 803 1080 856 et
1099 794 1159 856 hoo

151 898 249 958 genus
269 881 395 959 reperiri
417 889 447 942 et
465 883 494 942 in
510 879 610 960 Cypro
626 883 773 942 inventum
792 898 831 940 ex
846 879 962 940 dimidia
977 887 1066 957 ‚parte
1082 896 1159 942 oma-

153 964 285 1042 ragdum‚
300 983 340 1026 ex
353 964 469 1026 dimidia
485 965 638 1045 iaspidem,
651 964 774 1026 nondum
792 981 894 1025 umore
910 963 939 1024 in
952 971 1047 1024 totum
1066 971 1160 1026 trane

155 1048 290 1126 figurato.
326 1050 425 1127 Apion
436 1051 662 1128 oognurninatus
682 1047 860 1110 Plistonieee
885 1047 971 1127 paulo
982 1056 1055 1109 ante
1082 1050 1157 1109 sori-

154 1140 233 1211 ptum
248 1133 368 1212 reliquit
384 1153 452 1195 esse
462 1136 629 1195 etiamnunc
639 1136 672 1194 in
688 1133 853 1210 labyrintho
866 1131 996 1212 Aegypti
1010 1132 1160 1194 colossum
1170 1149 1199 1192 to

154 1215 274 1295 Serapis
291 1237 309 1278 e
325 1219 477 1296 zmaragdo
496 1237 601 1280 novem
619 1218 791 1278 cubitorum.

112 1309 146 1366 76
218 1302 301 1382 (20.)
321 1301 452 1364 Eandem
473 1302 571 1364 multis
587 1311 716 1363 naturam
734 1310 782 1361 aut
803 1310 886 1362 oerte
907 1301 1031 1364 similem
1047 1301 1159 1364 haltere

155 1385 262 1448 berulli
279 1387 422 1448 videntur.
458 1387 540 1448 India
558 1406 611 1448 eos
628 1389 723 1465 gignit
744 1403 810 1447 raro
826 1384 896 1447 alibi
917 1393 1065 1466 repertos.
1103 1404 1158 1466 po·

154 1470 263 1532 liuntur
281 1489 381 1532 omues
402 1472 561 1550 sexangula
583 1472 673 1550 figura
692 1471 832 1532 artificum
853 1472 997 1549 ingeniis,
1022 1473 1158 1550 quoniam

154 1555 247 1616 hebes
270 1558 378 1618 unitate
398 1556 483 1617 surda
506 1556 591 1618 oolor
610 1573 788 1634 reperoussu
810 1555 981 1633 angulorum
996 1557 1199 1622 exaltetur-os

154 1639 241 1700 aliter
261 1641 345 1718 politi
368 1658 427 1702 non
448 1640 557 1702 habeut
577 1640 730 1718 fulgorem.
760 1639 960 1718 probatissimi
980 1660 1018 1702 ea
1039 1641 1075 1718 iis
1091 1649 1159 1704 sunt

155 1725 203 1801 qui
223 1723 398 1785 viriditatem
416 1728 502 1785 maris
524 1727 588 1805 puri
610 1726 773 1801 imitantur,
794 1726 926 1803 proxumi
948 1726 996 1804 qui
1016 1733 1159 1786 vocantur
1252 1749 1254 1762 ¹

155 1807 370 1884 ohrpsoberulli
383 1808 485 1888 paullo
501 1808 671 1888 pallidiores
690 1809 743 1870 sed
762 1809 791 1868 in
807 1827 925 1870 aureum
940 1809 1070 1871 colorem
1087 1829 1157 1872 exe-

113 1896 145 1956 tt
160 1899 228 1952 unte
250 1892 376 1971 fulgore.
408 1894 531 1954 vicinum
548 1911 642 1972 genus
657 1893 723 1954 huie
738 1901 785 1955 est
802 1893 854 1954 sed
869 1893 1003 1973 pallidius
1019 1903 1050 1955 et
1065 1913 1080 1954 a
1096 1895 1159 1973 qui·

155 1975 275 2036 busdam
307 1978 418 2056 proprii
446 1979 566 2056 generis
596 1979 789 2039 existimatum
821 1987 1011 2058 voeatumque
1039 1979 1198 2056 chryso-²0

155 2077 281 2139 prasum.
320 2070 424 2140 quarto
449 2063 517 2124 looo
546 2071 732 2124 numerantur
756 2061 1026 2140 hyacinthiaontes‚
1055 2065 1158 2142 quinto

156 2145 374 2223 quesaemidis
388 2155 511 2226 uocant,
535 2155 640 2226 postea
656 2147 748 2209 aerini
763 2165 796 2207 ao
811 2147 915 2208 deinde
932 2147 1078 2226 oleagini,
1101 2147 1159 2209 hoo

157 2237 204 2290 est
219 2229 323 2293 eolore
339 2229 415 2310 olei,
438 2234 579 2311 postremi
596 2231 736 2310 crystallo
755 2230 877 2292 similes.
911 2231 941 2292 ni
959 2233 1025 2294 lere
1040 2232 1159 2310 capilla-

155 2323 251 2374 menta
275 2313 384 2377 habeut
406 2316 577 2395 sordisque,
599 2317 707 2394 alioqui
730 2315 861 2393 evanidi,
885 2333 959 2394 quae
979 2326 1045 2378 suut
1065 2319 1160 2378 omnia

3 2423 6 2430 ·
48 2431 50 2434 v
112 2400 233 2463 letitia.
277 2399 339 2461 Indi
357 2402 428 2461 mire
449 2401 577 2480 gaudmt
600 2399 781 2478 longitudine
801 2417 903 2462 eornm
920 2400 1062 2480 solosque
1078 2415 1199 2480 gem-ns

155 2502 264 2544 marum
287 2503 356 2546 esse
374 2486 545 2565 praedicant
566 2486 615 2564 qui
635 2503 737 2546 oarere
759 2503 830 2545 auro
851 2484 967 2562 malint,
989 2485 1027 2548 ob
1046 2487 1074 2547 id
1092 2504 1160 2565 per-

155 2568 268 2629 loratos
286 2569 506 2648 elephantorum
528 2571 618 2631 saetis
637 2568 795 2648 subligant.
833 2571 970 2630 convenit
991 2587 1050 2632 non
1071 2589 1160 2650 opor-

156 2659 220 2712 tere
244 2655 388 2731 perlorari
411 2672 532 2732 quorum
557 2657 595 2715 sit
619 2653 754 2714 absoluta
776 2653 910 2731 bonitas,
931 2654 1074 2716 umbilicis
1098 2666 1159 2717 tan·

157 2743 215 2795 tum
237 2755 275 2796 ex
298 2755 369 2798 auro
390 2740 486 2817 capita
508 2737 825 2818 comprehendentibus.
862 2737 930 2800 ideo
949 2739 1096 2816 cylindros
1119 2759 1160 2802 ex

157 2820 193 2880 iis
212 2820 321 2882 malunt
344 2822 443 2884 fauere
467 2841 552 2901 quam
572 2840 717 2901 gemmas,
741 2824 876 2902 quoniam
898 2830 946 2884 est
959 2841 1068 2886 summa
1082 2839 1198 2887 eom-ao

113 2912 147 2970 ta
155 2906 303 2967 mendatio
324 2908 354 2968 in
369 2906 559 2985 longitudine.
594 2906 707 2986 quidam
725 2916 755 2969 et
771 2907 929 2984 angulosos
942 2909 1041 2969 statim
1058 2917 1160 2988 putant

155 2990 235 3051 nasei
254 2999 284 3051 et
301 2991 468 3070 perforatos
480 2994 631 3070 gratiores
646 2992 710 3053 sueri
726 2991 853 3054 medulla
868 2992 1001 3053 eandoris
1022 3002 1159 3073 exempta

155 3073 313 3154 additoque
331 3077 392 3136 auri
408 3094 585 3156 reperoussu
606 3085 655 3138 aut
677 3077 792 3137 omnino
812 3084 938 3137 castrata
962 3079 1157 3156 perspiouita·

156 3161 194 3218 tis
219 3159 417 3222 crassitudine.
452 3163 523 3223 vitia
543 3171 663 3242 praeter
688 3160 763 3221 diota
783 3162 839 3222 iam
861 3161 963 3224 eadem
989 3163 1054 3224 fere
1082 3179 1158 3241 quae

155 3244 185 3304 in
207 3244 376 3323 zmaragdis.
392 3254 422 3306 et
444 3249 589 3327 pterygia.
627 3248 655 3306 in
679 3254 782 3307 nostro
805 3241 880 3308 orbe
907 3246 1060 3325 aliquando
1080 3248 1197 3308 oiroaaa

155 3326 278 3390 Pontum
308 3331 431 3392 inueniri
460 3340 604 3411 putantur.
650 3329 712 3392 Indi
740 3338 769 3391 et
794 3329 865 3392 alias
889 3331 1004 3410 quidem
1029 3349 1159 3410 gemmas

154 3413 324 3560 sszyrztffljlgtm
346 3415 505 3494 tinguendo
523 3415 687 3479 adulterare
714 3416 904 3493 invenerunt,
931 3415 984 3478 sed
1000 3417 1160 3496 praeeipue
