2510 3898
115 197 174 262 168
459 203 775 254 cunmrsncuunr-

171 365 255 445 (53.)
274 362 381 424 Similis
408 361 549 440 adspectu
575 368 638 438 est,
667 359 800 420 sednon
826 357 956 420 eiusdem
979 314 1122 437 effeetus,

114 468 188 529 quae
206 456 326 509 uocatur
340 445 421 507 leros
439 445 505 506 alba
518 444 660 523 nigraque
676 443 786 506 macula
799 444 829 504 in
839 451 1002 504 traversum
1013 442 1116 504 distin·

113 532 269 612 guentibus
286 528 460 609 crystallum.
1052 607 1054 610 Ι

175 614 259 696 (54.)
278 614 431 694 Expositis
443 630 497 693 per
508 629 620 691 genera
631 611 761 672 colorum
772 609 979 690 principalibus
992 613 1115 690 gemmis

113 699 242 779 reliquas
254 717 309 779 per
324 698 484 759 litterarum
501 696 632 756 ordinem
646 695 864 776 explicabimus.
1124 719 1139 760 s

72 796 122 852 139
184 785 233 844 10.
256 781 385 844 Achates
402 783 432 842 in
445 797 549 858 magna
562 779 616 841 fuit
631 780 816 857 auctoritaie,
832 797 906 840 nunc
922 780 952 840 in
964 779 1041 840 nulla
1056 788 1117 857 est,

114 878 234 948 reperta
251 868 372 946 primum
387 866 417 926 in
428 863 527 927 Sicilia
538 864 618 926 iuxta
630 862 735 926 ilumen
746 861 877 925 eiusdem
888 864 1022 942 nominis,
1035 871 1123 943 post·¹

114 971 150 1014 ea
163 952 300 1030 plurumis
316 951 345 1010 in
360 951 460 1027 terris,
477 947 624 1010 excedens
639 947 838 1027 amplitudine,
853 965 1009 1008 numerosa
1022 949 1119 1009 varie·

114 1037 221 1097 tatibus
242 1033 416 1095 mutantibus
434 1033 608 1112 cognomina
628 1033 703 1093 eius.
744 1039 865 1094 vocatur
879 1032 956 1093 enim
970 1031 1119 1111 iaspacba·

115 1129 178 1196 tes,
196 1117 384 1196 cerachates,
401 1115 1162 1195 zmaragdacbates,baemacbntes,leucacltates‚1o:

115 1202 325 1265 dendracbates
344 1219 419 1280 quae
436 1201 517 1262 velut
536 1200 699 1262 arbusculis
717 1201 841 1278 insignis
859 1207 915 1278 est,
930 1198 1119 1262 aetbacbates

115 1306 207 1367 quae,
227 1305 291 1348 cunr
308 1287 419 1364 uritur,
433 1302 557 1346 murram
571 1284 704 1362 redolet,
720 1283 949 1346 coralloacbates
963 1285 1054 1362 guttis
1071 1303 1121 1346 nu·

115 1373 177 1433 reis
191 1371 302 1450 sappiri
317 1369 404 1430 modo
424 1385 536 1449 sparsa,
553 1367 646 1447 qualis
663 1369 867 1448 copiosissima
883 1369 912 1428 in
928 1365 1025 1446 Creta,
1044 1386 1120 1447 quae

73 1466 125 1520 140
136 1464 167 1516 et
180 1472 263 1516 sacra
278 1452 450 1534 appellatur.
477 1452 579 1513 Putant
592 1462 694 1514 contra
709 1470 880 1514 araneorum
892 1460 922 1512 et
934 1453 1120 1532 scorpionum

115 1542 190 1601 ictus
205 1557 268 1601 eam
285 1537 441 1618 prodesse,
456 1536 533 1616 quod
548 1538 577 1597 in
593 1536 698 1598 Siculis
715 1539 813 1615 utique
832 1534 1016 1614 crediderim,
1030 1553 1121 1615 quon·
1132 1555 1166 1596 se·

115 1626 170 1684 iam
192 1625 313 1703 primum
338 1623 401 1683 eius
424 1622 594 1701 provinciae
619 1620 725 1681 adllatu
746 1621 933 1700 scorpionum
955 1622 1048 1699 pestis
1070 1639 1121 1683 ex·

116 1709 280 1786 stinguitur.
307 1716 337 1767 et
349 1707 378 1766 in
389 1705 470 1766 lndia
484 1706 630 1765 invenitur
646 1713 748 1765 contra
763 1704 865 1766 eadem
880 1702 997 1784 pollens
1009 1705 1121 1783 magnis

116 1799 146 1852 et
161 1789 226 1851 aliis
241 1788 395 1851 miraculis.
422 1788 545 1850 reddunt
564 1790 640 1851 enim
655 1789 800 1850 lluminum
816 1790 950 1868 species,
960 1805 1121 1866 nemorum,

116 1877 317 1935 iumentorum.
356 1875 412 1934 iam
433 1892 451 1933 e
473 1890 561 1933 ceren
581 1872 714 1933 staticula
735 1881 766 1934 et
787 1889 927 1951 equorum
942 1882 1121 1951 ornamenta,

115 1958 219 2020 medici
245 1957 312 2019 inde
340 1975 434 2036 aeque
452 1956 600 2018 coteculas
624 1957 749 2034 iaciunt,
775 1975 839 2018 nam
860 1966 1013 2036 spectasse
1034 1958 1170 2022 stiamao*

75 2055 123 2108 141
136 2043 259 2122 prodest
274 2041 374 2102 oculis.
398 2042 474 2101 sitim
493 2056 611 2120 quoque
624 2039 727 2103 sedant
740 2043 771 2101 in
785 2057 819 2101 os
834 2040 957 2102 additae.
976 2039 1122 2120 Phrygiae

116 2126 219 2187 viridia
242 2143 299 2186 non
325 2124 441 2185 babent.
478 2122 587 2184 Thebis
608 2124 765 2204 Aegyptiis
793 2132 931 2204 repertae
953 2133 1053 2186 carent
1074 2143 1121 2186 ru·

116 2209 253 2272 bentibus
269 2210 353 2270 venis
371 2217 402 2269 et
416 2208 500 2268 albis.
537 2225 591 2269 eae
609 2226 727 2287 quoque
743 2217 845 2270 contre
859 2210 1034 2287 scorpiones
1051 2207 1122 2268 vali·

116 2294 179 2356 dae.
207 2292 309 2355 eadem
326 2293 482 2352 auctoritas
500 2299 530 2351 et
546 2289 671 2370 Cypriis.
698 2301 765 2354 sunt
782 2294 830 2371 qui
845 2311 976 2356 maxume
992 2293 1122 2372 probent

117 2381 239 2439 vitream
260 2377 510 2456 perspicuitatem.
546 2378 733 2455 reperiuntur
759 2386 789 2437 et
813 2378 843 2438 in
867 2376 1020 2439 Trachinia
1042 2377 1170 2440 circass-

118 2462 220 2524 Oetam
236 2469 266 2522 et
283 2463 313 2522 iu
330 2459 458 2523 Parnaso
474 2468 504 2522 et
519 2461 548 2520 in
562 2459 659 2522 Lesbo
675 2469 705 2521 et
725 2462 755 2521 in
768 2459 906 2522 blessene
922 2461 1033 2522 similes
1048 2460 1121 2522 limi·

75 2557 125 2613 112
137 2555 195 2606 tum
208 2545 329 2606 donibus
344 2553 375 2605 et
386 2543 537 2605 inllhodo.
556 2543 642 2606 Aliae
656 2544 730 2624 apud
737 2543 841 2623 llagos
856 2544 1039 2608 differentiae
1054 2554 1121 2606 sunt

116 2631 212 2690 iniis:
242 2646 317 2707 quae
337 2627 462 2690 leoninis
485 2627 610 2705 pellibus
626 2629 736 2690 similes
759 2630 946 2707 reperiuntur
960 2631 1122 2709 potentiam

116 2712 227 2774 babere
242 2720 344 2773 contra
358 2713 531 2791 scorpiones
546 2711 652 2774 dicunt.
674 2714 702 2774 in
713 2712 812 2773 Persis
827 2731 900 2774 vero
911 2715 1010 2776 suiiitu
1022 2731 1122 2775 earum

117 2803 310 2876 tempestates
330 2797 424 2856 auerti
448 2804 478 2857 et
495 2806 663 2875 presteras,
685 2797 800 2858 llumina
815 2798 889 2859 sisti.
921 2806 1160 2877 argumentumsa

118 2900 203 2958 esse,
220 2881 244 2940 si
259 2880 288 2940 in
304 2880 447 2940 ferventis
463 2882 590 2942 cortinas
605 2881 719 2943 additae
734 2882 922 2960 reirigerent,
936 2882 990 2944 sed
1006 2891 1037 2942 ut
1052 2899 1121 2961 pro·

117 2967 174 3025 sint
201 2963 327 3025 leoninis
349 2964 425 3025 iubis
445 2963 660 3043 adalligandas‚
686 2983 750 3026 nam
770 2965 900 3043 hyaenae
926 2966 1041 3028 additae
1067 2965 1120 3028 ab·

118 3049 280 3109 ominantur
296 3047 469 3110 discordiam
486 3049 626 3110 domibus.
653 3067 717 3110 eam
730 3067 804 3110 vero
822 3067 896 3128 quae
912 3053 994 3112 unius
1009 3049 1121 3111 coloris

117 3134 156 3194 sit
173 3132 307 3193 invictam
322 3131 439 3193 atbletis
452 3151 530 3194 esse.
554 3141 762 3212 argumentum,
773 3133 850 3212 quod
866 3135 896 3194 in
907 3133 993 3196 ollam
1005 3134 1122 3214 plenam

118 3217 177 3279 olei
200 3216 312 3276 coiecta
331 3233 394 3276 oum
414 3217 590 3295 pigmentis,
609 3218 684 3278 intra
707 3216 776 3277 duas
796 3217 883 3278 boras
899 3218 1117 3281 subfervefacta
1127 3243 1153 3284 ss

76 3312 128 3368 143
136 3317 221 3362 unum
237 3299 368 3361 colorem
383 3319 422 3362 ex
436 3300 568 3362 omnibus
584 3299 671 3362 iaciat
684 3302 760 3362 mini.
789 3300 911 3382 llcopos
927 3305 1004 3364 nitro
1016 3302 1120 3362 similis

118 3394 180 3463 ast,
200 3387 367 3465 pumicosa,
388 3385 479 3462 guttis
500 3386 596 3446 aureis
618 3385 743 3447 stellata.
786 3404 848 3448 cum
870 3386 923 3448 bac
939 3386 1036 3448 oleum
1052 3387 1119 3448 sub·

117 3470 308 3532 fervefactum
338 3469 487 3547 perunctis
516 3467 730 3548 lassitudinem,
766 3471 791 3530 si
823 3470 985 3548 credimus,
1019 3471 1119 3532 solvit.
