2510 3898
258 263 339 312 nur.
359 263 450 313 mss.
470 261 692 318 xxxv1.7-9.
713 251 862 334 (ta-14.)
1003 257 1061 318 117

53 419 227 500 scalpturae
244 419 312 481 illae
329 421 502 501 effigiesque
521 440 591 501 quas
607 421 738 482 videmus
753 422 919 503 Aegyptiae
936 434 1002 486 sunt
1016 425 1061 487 lit·

54 514 151 567 terae.
184 506 231 585 [2]
245 504 354 566 Postea
366 506 455 567 etalii
472 506 610 567 excidere
625 524 723 584 reges.
743 510 843 567 statuit
858 526 911 569 eos
928 511 957 570 in
970 528 1057 589 supra
1068 521 1102 576 65

54 590 129 651 dictu
145 591 224 652 urbe
237 588 380 651 Sesothes
397 600 533 670 quattuor
548 607 680 669 numero,
696 591 911 670 quadragenum
926 603 1061 656 octonum

55 676 223 736 cubitorum
239 674 430 754 longitudine,
441 675 582 737 Rhamses
597 677 622 736 is
639 685 733 736 autern
749 695 806 756 quo
824 688 966 756 regnante
978 676 1061 738 llium

41 761 105 821 sinit
118 767 239 839 captum
252 769 298 821 est
310 757 446 820 GXXXX
461 761 633 821 cubitorum.
671 761 747 822 idern
763 761 914 840 digressus
929 762 995 823 inde
1011 761 1058 822 ubi

55 843 203 906 llnevidis
219 846 302 922 regia
318 846 417 924 posuit
436 844 521 906 aliurn
535 844 716 924 longitudine
728 846 844 926 quidem
858 845 938 908 CXX
948 848 1061 908 cubito·

57 948 128 1008 rum,
137 929 193 990 sed
207 929 378 1008 prodigiosa
392 930 593 1008 crassitudine,
604 930 724 991 undenis
733 947 787 1008 per
799 930 1013 993 lateraoubitis.
1030 933 1058 994 9.

57 1013 137 1094 Opus
154 1013 185 1074 id
202 1015 312 1075 fecisse
329 1015 461 1075 dicuntur
473 1017 552 1084 ΕΠ
566 1014 718 1076 hominum.
745 1017 810 1095 ipse
826 1033 897 1094 rex,
913 1035 977 1077 oum
994 1035 1056 1078 sur·
1067 1028 1101 1083 66

57 1107 193 1160 recturus
215 1106 297 1159 esset
324 1107 537 1179 verereturque
558 1118 596 1160 ne
616 1099 765 1162 machinae
788 1100 911 1179 ponderi
929 1120 987 1162 non
1002 1102 1060 1162 sul·

32 1185 199 1260 reficerent,
224 1201 283 1263 quo
304 1185 396 1244 maius
416 1184 577 1263 periculum
597 1203 684 1245 curae
708 1185 848 1246 artificum
864 1186 1059 1263 denuntiaret,

57 1270 145 1330 lilium
162 1286 245 1328 suum
261 1267 426 1346 adalligavit
442 1270 580 1330 cacumini
595 1278 626 1329 ut
644 1269 721 1329 salus
743 1270 806 1329 cius
825 1270 900 1349 apud
913 1271 1059 1332 molientis

57 1353 219 1433 prodesset
245 1361 275 1413 et
299 1352 395 1432 lapidi.
432 1353 492 1413 llac
514 1354 704 1415 admiratione
729 1356 829 1432 operis
854 1354 990 1415 effectum
1013 1364 1059 1416 est

56 1447 101 1516 nt,
125 1455 193 1499 cum
215 1437 352 1517 oppidum
375 1437 404 1498 id
426 1448 607 1516 expugnaret
633 1436 791 1516 Cambyses
815 1456 870 1499 rex
883 1448 1059 1517 ventumque

58 1531 139 1584 esset
155 1522 299 1602 incendiis
316 1521 350 1583 ad
366 1521 531 1602 crepidines
547 1522 688 1600 obelisci,
705 1523 852 1600 exstingui
867 1522 984 1584 iuberet
999 1541 1059 1584 nro·

31 1608 90 1670 ulis
105 1608 277 1669 reverentia
295 1609 343 1687 qui
358 1606 463 1668 nullam
477 1607 617 1668 habuerat
632 1607 721 1668 urbis.
767 1606 811 1686 [3]
836 1606 908 1668 Sunt
924 1606 972 1668 alii
987 1607 1055 1686 duo,
1068 1616 1101 1673 67

57 1712 128 1753 unus
149 1711 165 1752 a
182 1691 302 1752 Zmarre
320 1693 452 1772 positus,
474 1691 549 1753 alter
570 1711 585 1754 a
602 1691 675 1752 Phio
695 1693 759 1753 sine
782 1693 878 1769 notis,
901 1692 1059 1771 quadrage·

57 1797 120 1838 num
143 1786 281 1838 octonum
302 1777 472 1838 cubitorum.
512 1776 719 1838 Alexandreae
736 1778 836 1837 statuit
856 1791 941 1838 unum
962 1776 1058 1838 Ptole·

57 1881 156 1924 naeus
168 1861 375 1942 Philadelphus
392 1863 540 1940 octoginta
554 1861 724 1923 cubitorum.
742 1862 892 1923 exciderat
908 1881 972 1922 eum
982 1860 1058 1924 Nec·

59 1947 156 2009 thebis
173 1966 228 2008 rex
245 1965 358 2026 purum,
376 1949 525 2025 maiusque
541 1965 614 2026 opus
631 1949 660 2007 iu
676 1946 849 2008 devehendo
865 1948 1058 2009 statuendove

32 2032 147 2094 aonulto
165 2042 250 2111 quam
266 2033 296 2092 in
312 2032 483 2093 excidendo.
522 2049 538 2092 a
553 2032 659 2110 Satyro
681 2032 840 2093 architecto
863 2032 951 2110 aliqui
970 2032 1058 2093 deve·

60 2127 134 2178 ctum
158 2116 276 2176 tradunt
295 2125 375 2193 rate,
404 2114 571 2177 Gallixenus
598 2135 614 2178 6
639 2116 787 2178 Phoenice
814 2117 895 2177 fossa
915 2116 1057 2195 perducto

59 2219 150 2281 usque
165 2199 358 2262 adiacentem
374 2201 531 2262 obeliscum
546 2200 631 2280 Nilo,
647 2203 786 2280 navisque
802 2202 871 2261 duas
886 2203 915 2261 in
930 2200 1101 2268 latitudis&

60 2305 123 2346 nenr
145 2285 260 2366 patulas
283 2285 434 2364 pedalibus
458 2304 496 2346 ex
513 2286 617 2346 eodem
636 2285 732 2364 lapide
748 2285 783 2346 ad
804 2287 948 2348 rationem
967 2288 1057 2363 gemi-

61 2373 114 2432 nati
131 2389 187 2450 per
198 2369 342 2450 duplicem
355 2388 517 2431 mensuram
529 2371 667 2450 ponderis
680 2377 815 2431 oneratas
831 2371 871 2429 ita
883 2378 913 2428 ut
925 2369 1057 2431 subirent

6 2515 7 2520 ,
34 2456 221 2516 cobeliscum
235 2454 412 2535 pendentem
434 2456 665 2517 extremitatibus
688 2457 748 2516 suis
766 2455 796 2515 in
812 2454 883 2533 ripis
902 2455 1057 2533 utrimque,

6 2569 8 2598 r
63 2550 163 2619 postea
186 2541 300 2618 egestis
325 2538 474 2601 laterculis
499 2539 646 2600 adlevatas
673 2541 755 2599 navis
787 2539 943 2618 excepisse
972 2555 1056 2616 onus,

6 2669 7 2702 ,
63 2632 196 2687 stetutum
210 2633 306 2686 autem
322 2627 351 2692 iu
365 2643 420 2686 sex
434 2624 500 2685 talis
517 2634 646 2686 emente
671 2624 791 2702 eodem,
807 2632 837 2685 et
852 2624 991 2686 artificem
1006 2622 1057 2683 do·

6 2759 7 2766 r
62 2720 153 2772 natum
169 2710 289 2772 talentis
311 2711 525 2790 quinquaginta.
559 2708 607 2769 hic
623 2710 676 2770 fuit
699 2711 728 2768 in
742 2709 892 2769 Arsinoeo
911 2710 1056 2788 positnsa

6 2791 7 2854 3
62 2814 129 2875 rege
145 2813 235 2875 supra
246 2795 324 2856 dicto
333 2839 342 2872 ,
357 2813 458 2854 munus
474 2795 579 2865 amoris
591 2795 620 2853 in
636 2795 761 2872 coniuge
778 2792 938 2872 eademque
950 2811 1055 2855 sorore

6 3635 8 3680 l

6 3683 81 3891 l

34 2879 197 2942 uArsinoe.
224 2880 292 2941 iude
312 2898 376 2940 eum
391 2879 540 2939 navalibus
558 2877 767 2939 incommodum
776 2875 925 2938 Maxumus
940 2878 1099 2957 quidamst)

61 2966 226 3044 praefectus
240 2965 370 3043 Aegypti
385 2962 530 3024 transtulit
540 2965 570 3024 in
584 2964 689 3040 iorum,
702 2965 801 3024 reciso
817 2963 975 3039 cacumine,
992 2962 1057 3022 dum

62 3051 148 3112 voluit
163 3050 313 3128 fastigium
327 3048 435 3110 addere
451 3057 595 3126 auratum,
613 3047 692 3128 quod
707 3055 811 3126 postea
827 3047 931 3106 omisit.
956 3046 1000 3127 [4]
1016 3044 1054 3106 ut

60 3135 103 3196 ulii
116 3136 174 3197 duo
187 3143 253 3196 sunt
266 3133 471 3195 Alexandreae
484 3133 518 3193 ad
530 3141 644 3212 portum
655 3136 683 3193 in
696 3130 831 3193 Caesaris
846 3130 966 3210 templo,
982 3149 1055 3211 quos

60 3222 165 3283 excidit
174 3219 331 3300 blesphres
351 3238 406 3280 rex
423 3218 635 3297 quadragenum
650 3219 747 3278 binum
762 3215 933 3276 cubitorum.
960 3216 1055 3297 Super

30 3308 149 3368 somnia
171 3307 300 3366 accessit
321 3302 474 3365 difficultas
494 3305 564 3363 mari
585 3301 716 3364 llomam·
730 3299 893 3362 devehendi
915 3303 1055 3381 spectatis

58 3391 206 3453 admodum
229 3389 361 3451 navibus.
400 3388 483 3449 divos
507 3387 657 3464 Augustus
677 3406 740 3448 eam
760 3403 834 3466 quae
856 3387 984 3465 priorem
1006 3386 1098 3450 ad-uo

6 3479 8 3574 q
58 3485 178 3538 vexerat
195 3473 326 3534 miraculi
343 3475 437 3552 gratia
454 3472 585 3533 Puteolis
603 3473 756 3553 perpetuis
775 3470 925 3531 navalibus
940 3471 1054 3532 dicave-

57 3571 115 3640 rat,
137 3558 275 3621 incendio
291 3566 460 3638 consumpta
479 3576 515 3619 ea
539 3566 592 3620 est.
625 3558 709 3619 divos
726 3555 860 3617 Claudius
876 3555 987 3634 aliquot
1001 3572 1055 3633 per
