2468 3896
251 237 332 287 nun.
355 235 449 286 11155.
469 237 595 286 xxxuu.
618 236 659 290 11.
681 235 723 290 ua.
744 224 892 308 (et—st.)
999 201 1003 208 ¹
1029 224 1067 287 at

64 401 109 454 tur
124 401 276 471 argento,
292 393 417 470 vaginae
434 392 565 471 catellis,
588 392 685 455 baltea
699 393 811 454 laminis
829 395 990 472 crepitent,
1015 394 1072 452 iam

64 495 136 538 uero
154 477 346 556 paedagogia
362 477 528 537 intransitu
546 477 692 538 virilitatis
715 479 915 538 costodiantur
936 485 1070 555 argento,

64 562 193 622 leminae
212 561 349 621 laventur
364 568 395 621 et
410 562 464 620 nisi
480 570 619 639 argentea
635 563 709 624 solia
724 563 886 638 fastidiant,
911 562 1070 640 eademque

63 647 190 707 materia
206 653 240 706 et
259 645 331 706 cibis
349 653 381 706 et
394 645 511 724 probris
527 648 646 706 seruiat.
675 647 791 708 videret
812 647 885 707 haec
899 645 1049 706 Fabricius
1062 654 1114 710 155

48 738 227 790 5515115155
252 737 375 807 argento
397 727 546 790 mulierum
562 730 708 808 balineas,
729 735 768 791 ita
790 740 821 791 ut
840 731 969 808 vestigio
988 730 1070 790 locus

63 832 118 874 uon
131 816 190 891 sit,
203 832 269 875 cum
281 815 351 873 viris
364 814 529 890 lavantium,
541 814 703 894 Fabricius,
716 817 764 895 551
777 815 937 876 1511155555
949 816 1072 893 impera-

65 907 144 958 tores
161 897 237 976 plus
253 915 335 977 555111
354 907 483 976 pateram
497 907 527 958 et
542 899 662 959 salinum
676 899 785 960 habere
801 918 838 959 ex
853 907 976 976 argento
992 906 1071 958 reta·

63 983 128 1059 bat,
151 982 274 1042 videret
297 981 363 1042 hinc
379 983 454 1042 dona
471 985 588 1043 fortium
602 984 665 1043 lieri
687 993 735 1044 aut
750 986 779 1043 iu
792 983 865 1044 haec
880 984 984 1060 frangi.
1013 981 1071 1042 heu

64 1085 188 1144 nores,
204 1065 321 1127 Fabrici
337 1084 391 1126 nos
407 1066 509 1145 pudet!

39 1174 57 1214 5
123 1151 219 1230 (55.)
240 1149 342 1212 1111515
367 1168 438 1210 5515
460 1152 599 1213 caelando
628 1153 769 1213 neminem
791 1152 981 1228 inclaruisse,
1006 1159 1114 1216 51151

64 1245 155 1314 gente
188 1234 304 1294 multos.
344 1253 474 1296 maxume
491 1245 586 1297 tamen
602 1236 731 1298 laudatus
753 1235 929 1296 5511155151
952 1235 988 1296 de
1012 1252 1070 1313 555

64 1338 152 1399 snpra
174 1319 310 1380 diximus.
333 1327 468 1398 quattuor
484 1323 563 1400 paria
579 1322 614 1382 ab
630 1339 667 1382 ec
684 1322 799 1380 omniuo
815 1321 988 1396 factasunt,
1004 1337 1038 1379 ac
1048 1341 1066 1380 r.
1079 1337 1113 1374 m

64 1405 116 1464 iam
135 1403 253 1464 nullum
269 1413 388 1464 exstare
404 1403 507 1464 dicitur
521 1403 668 1484 Ephesiae
683 1405 792 1465 Dianae
810 1405 908 1482 templi
924 1413 971 1463 aut
987 1401 1071 1481 Capi·

65 1491 149 1550 tolini
174 1487 327 1549 incendiis.
363 1487 458 1548 Varro
478 1508 511 1548 se
535 1498 564 1549 et
582 1508 700 1550 aereum
721 1491 833 1566 siguum
851 1489 914 1549 eius
933 1486 1070 1546 habuisse

40 1574 183 1635 ascribit.
215 1570 352 1632 Proxumi
370 1572 406 1632 ab
424 1589 461 1633 eo
478 1575 507 1633 in
522 1573 711 1635 admiratione
726 1572 857 1650 Acragas
873 1582 903 1632 et
917 1570 1047 1632 Boethus
1060 1582 1109 1636 155

66 1668 92 1718 51
106 1657 183 1734 hlys
203 1656 299 1717 15515.
337 1665 452 1717 exstant
474 1660 598 1718 omnium
614 1676 705 1737 opera
725 1657 812 1718 hodie
830 1660 860 1716 iu
883 1655 976 1716 155515
991 1654 1069 1714 Rho·

65 1742 197 1824 diorum,
209 1739 315 1801 Boethi
326 1739 400 1819 apud
412 1734 540 1802 Lindiam
550 1740 720 1818 Minervam,
732 1741 906 1820 Acragantis
918 1743 947 1801 in
960 1739 1068 1817 templo

65 1825 171 1888 hiberi
196 1825 288 1903 patris
309 1827 338 1884 in
361 1827 425 1903 ipsa
447 1825 551 1886 Rhodo
576 1825 737 1887 Centauros
758 1819 944 1904 Bacchasque
966 1823 1069 1885 caelati

67 1910 197 1990 scyphi,
218 1907 303 1986 lllyos
324 1910 353 1969 in
372 1908 472 1970 eadem
495 1912 568 1973 aede
590 1909 706 1971 Silenos
729 1919 758 1970 et
780 1909 947 1990 Cupidines
981 1907 1071 1967 Acra-

42 1997 167 2073 tugautis
192 2001 223 2054 et
244 1995 361 2054 uenatio
384 1995 414 2052 in
436 1994 553 2073 scyphis
574 2013 703 2072 maguam
723 1995 824 2054 lamam
841 1994 951 2054 habuit.
979 1991 1050 2051 Post
1063 2001 1113 2057 156

67 2080 118 2140 hos
137 2077 311 2140 celebratus
333 2086 379 2138 cst
398 2074 539 2156 Calamis,
560 2078 716 2158 Antipater
736 2097 851 2157 555555
874 2079 921 2156 551
939 2077 1071 2151 Satyrum

66 2165 94 2224 in
108 2160 215 2243 phiala
227 2171 375 2238 gravatum
390 2179 492 2222 somno
508 2163 710 2230 conlocavisse
726 2166 825 2224 verius
843 2181 925 2240 555111
939 2160 1071 2221 caelasse

67 2248 167 2310 dictus
185 2254 242 2308 cst.
270 2245 449 2306 Stratonicus
464 2265 533 2308 mox
548 2246 721 2324 Cyzicenus,
739 2246 906 2323 Tauriscus,
922 2248 992 2306 item
1006 2243 1072 2304 Ari·

67 2342 136 2394 ston
158 2338 191 2392 51
207 2329 334 2390 Eunicus
348 2329 516 2408 Mitylenaei
543 2331 694 2408 laudantur
716 2340 746 2392 et
762 2329 924 2391 Hecataeus
943 2339 973 2390 51
994 2330 1071 2388 51155

41 2415 195 2496 aPompei
213 2414 309 2494 Magni
326 2422 451 2476 aetatem
465 2415 629 2493 Pasiteles,
644 2415 819 2475 Posidonius
834 2413 999 2492 Ephesius,
1016 2411 1072 2472 lle-

68 2499 251 2580 dystratides
272 2501 319 2578 551
341 2499 455 2578 proelia
478 2509 663 2579 armatosque
693 2499 833 2576 caelavit,
861 2497 994 2575 Zopyrus
1023 2499 1071 2574 551

68 2585 272 2663 Areopagitas
291 2592 322 2644 et
339 2583 474 2645 iudicium
490 2583 605 2645 Orestis
620 2585 649 2644 in
664 2585 776 2644 duobus
793 2582 911 2662 scyphis
930 2580 986 2642 HS.
1003 2577 1071 2666 {ffil

69 2671 244 2732 aestimatis.
264 2670 318 2730 1511
335 2677 365 2730 51
381 2668 507 2746 Pytheas
524 2671 604 2730 culus
620 2669 693 2730 duae
709 2670 810 2728 unciae
826 2667 891 2736 Χῖ
906 2668 1070 2726 venierunt.

69 2753 179 2816 Ulixes
202 2762 232 2814 et
247 2753 405 2815 Diomedes
429 2762 512 2814 eraut
532 2755 562 2814 in
582 2753 696 2832 phialae
722 2752 895 2814 emblemate
917 2750 1072 2812 Palladium

42 2840 282 2918 usnbrlpientes.
304 2839 376 2899 lecit
393 2839 470 2899 idem
484 2847 515 2899 et
531 2855 620 2901 cocos
634 2838 797 2916 magiriscia
808 2835 972 2915 appellatos
989 2851 1051 2912 par·
1065 2844 1113 2898 157

71 2925 152 2985 volis
169 2925 311 3002 potoriis,
338 2943 355 2984 5
379 2922 483 3002 5511155
506 2943 543 2986 55
566 2922 744 3002 5155515115
768 2922 882 3001 quidem
901 2919 1007 2979 liceret
1023 2936 1072 2978 ex·

72 3011 221 3089 primere‚
241 3016 296 3069 tam
317 3016 481 3087 opportuna
504 3010 626 3070 iniuriae
647 3007 792 3068 subtilitas
817 3015 889 3066 5151.
925 3003 1023 3062 habuit
1043 3010 1073 3063 et

73 3093 190 3155 Peucen
203 3095 359 3154 crustarius
375 3092 493 3171 lamam,
513 3093 669 3174 subitoque
684 3097 732 3153 ars
749 3091 821 3152 haec
837 3091 876 3148 ita
896 3088 1027 3149 exolevit
1043 3095 1073 3147 ut

75 3178 139 3238 sola
158 3181 215 3239 iam
235 3186 383 3238 vetustate
403 3187 575 3254 censeatur,
597 3196 708 3256 555555
723 3176 828 3238 attritis
845 3173 1018 3250 caelaturis,
1035 3189 1072 3232 ue

45 3263 168 3342 abgaro
185 3262 311 3323 discerni
327 3264 440 3342 possit,
455 3265 612 3324 auctoritas
627 3270 751 3325 constet.

6 3423 7 3432 ἦ
138 3347 301 3426 Argentum
321 3347 469 3408 medicatis
487 3349 569 3428 55515
584 3347 709 3408 inlicitur
729 3355 817 3427 atque
835 3343 941 3405 adllatu
962 3341 1052 3416 salso,
1065 3347 1116 3403 158

77 3433 152 3494 51551
172 3434 203 3492 15
222 3431 444 3494 mediterraneis
467 3431 632 3512 Hispaniae.
672 3432 754 3510 (56.)
775 3431 808 3491 15
832 3429 945 3506 argenti
969 3433 999 3485 et
1013 3425 1074 3483 auri

77 3517 202 3578 metallis
219 3525 374 3578 nascuntur
389 3519 542 3578 etiamnum
556 3518 714 3596 pigmenta,
730 3515 767 3575 511
783 3523 813 3575 51
827 3509 1003 3574 5551515515.
1031 3503 1074 3564 Sil
