2510 3898
297 241 377 290 nur.
393 241 485 290 nrsr.
503 243 636 290 xxxvu.
654 244 680 294 a.
697 241 721 294 6.
740 229 890 314 (tt—23.)
1032 231 1093 296 157

154 398 184 458 6.
207 396 287 476 (21.)
309 396 463 458 bliaumum
484 398 629 476 iidemque
651 399 811 477 plurumum
832 399 868 459 ah
892 401 930 460 iis
951 399 1134 466 differantso

1 535 2 588 t
89 481 1092 648 tdldtttlltlt‘lltltttttltlt{titillabit

88 650 314 712 inenarrabilem
328 650 525 712 difficultatem
539 651 680 713 adierunt.
704 660 750 712 est
768 653 796 712 in
814 653 858 712 his
870 653 1037 713 carbunculi
1049 685 1092 698 -

1 747 2 754 ’
67 734 196 815 squihus
211 736 329 796 tenuior
343 769 386 800 ι·-
401 737 495 814 ignis,
518 745 564 797 ert
579 737 733 815 amethysti
750 737 865 814 fulgens
879 754 1022 817 purpura,
1044 745 1092 798 est

1 823 2 884 Ῐ
89 819 236 897 zmaragdi
251 821 349 881 uirens
365 838 462 898 mare,
484 829 586 882 cuncta
605 823 716 900 pariter
734 821 897 882 incredibili
912 823 1035 882 mixtura
1050 821 1093 881 ln-

89 906 195 965 cantia.
230 904 279 966 alii
300 923 435 966 summam
455 905 581 984 fulgoris
596 905 735 967 Annenia
757 905 851 967 colori
873 909 1088 984 pigmentorum
1099 917 1131 972 81

88 1005 218 1067 aequare
230 989 370 1068 credunt,
385 989 433 1051 alii
444 989 575 1070 sulpuris
589 991 716 1052 ardentis
729 990 857 1052 flammae
870 999 918 1050 aut
934 993 1009 1068 ignis
1023 991 1092 1053 oleo

88 1075 216 1134 accensi.
245 1075 412 1152 magnitudo
428 1074 589 1136 abellanam
603 1093 705 1137 nucem
720 1084 841 1154 aequat,
861 1077 984 1154 insignis
1005 1077 1093 1136 etiam

58 1177 79 1217 rr
88 1158 165 1238 apud
192 1158 348 1238 historias,
384 1159 525 1238 siquidem
560 1169 657 1220 exstat
684 1161 830 1240 hodieque
863 1159 945 1220 huius
972 1163 1092 1239 generis

1 1305 2 1308 ,
88 1261 204 1322 gemma
231 1253 354 1324 propter
381 1261 465 1323 qnam
486 1244 523 1304 ab
545 1246 675 1306 Antonio
703 1247 885 1325 proscriptus
909 1253 956 1304 est
979 1243 1092 1304 Nonius

1 1311 2 1384 l
88 1337 231 1406 senator,
257 1328 333 1388 lilius
358 1328 490 1389 Strumae
514 1328 590 1389 Noni
615 1331 679 1390 eius
699 1346 785 1408 quom
807 1327 938 1390 Catullus
957 1337 1047 1408 poeta
1063 1331 1092 1388 in

1 1423 2 1504 (
59 1480 63 1488 ,
89 1412 166 1474 sella
194 1413 286 1472 curuli
308 1415 402 1473 visum
430 1413 548 1492 indigne
570 1413 653 1492 tulit,
679 1431 810 1492 avosque
838 1412 945 1472 Servili
966 1411 1093 1473 Noniani

89 1515 179 1577 quem
207 1497 357 1558 consulem
381 1497 512 1558 vidimus.
552 1497 603 1559 ille
629 1499 814 1578 proscriptus
835 1497 952 1575 fugiens
977 1497 1052 1557 hunc
1074 1505 1135 1562 citt

58 1583 217 1644 alomonis
233 1580 364 1643 omnibus
379 1581 492 1643 anulum
508 1583 627 1643 abstulit
642 1599 749 1643 secum.
774 1589 885 1642 certum
900 1588 946 1642 est
963 1582 1092 1643 sesterio
1110 1651 1116 1659 ¹

88 1666 202 1726 viciens
224 1669 420 1743 aestimatnm,
444 1666 496 1726 sad
517 1669 587 1728 mira
604 1667 713 1727 Antoni
739 1667 844 1728 feritas
868 1675 955 1745 atque
980 1665 1094 1726 lunaria

89 1758 218 1832 propter
231 1767 371 1828 gemmam
388 1751 620 1830 proscribentis,
641 1770 697 1813 nec
712 1753 805 1813 minus
821 1749 898 1812 Noni
914 1752 1093 1811 contumacia

89 1836 340 1915 proscriptionem
353 1853 433 1897 suam
454 1838 591 1913 amantis,
614 1855 677 1896 oum
692 1839 779 1898 etiam
794 1837 876 1898 ferae
890 1835 995 1897 abrosa
1011 1842 1094 1913 parte

1 1919 3 1972 l
90 1921 229 1998 corporis
248 1929 369 2000 propter
388 1937 470 1999 quam
486 1920 645 2000 periclitari
661 1939 694 1982 se
711 1925 804 1982 sciant
830 1920 934 1982 relicta
948 1917 1095 1980 redimere

1 2080 2 2083 Ἴ
58 2023 124 2066 ause
142 2003 306 2065 credantur.

1 2155 2 2172 χ
82 2079 88 2092 ’
152 2087 238 2168 (22.)
257 2087 336 2150 Vitia
355 2091 449 2168 opali,
473 2091 498 2150 si
515 2089 599 2150 color
615 2091 643 2149 in
660 2088 761 2150 florem
783 2088 893 2150 herbae
910 2107 984 2167 quae
1006 2096 1137 2152 roca-83

1 2179 2 2224 t
56 2246 62 2260 ,
90 2183 138 2234 aar
158 2171 369 2252 heliotropium
388 2183 475 2236 exeat
495 2181 544 2234 aut
566 2174 595 2233 in
616 2173 783 2250 crystallum
798 2183 847 2234 aut
865 2173 1052 2251 grandinem,
1069 2172 1093 2231 si

91 2258 135 2319 sal
161 2259 339 2318 interveniat
362 2267 411 2318 aut
434 2258 571 2320 scabritia
589 2267 637 2319 aut
661 2267 766 2337 puncta
788 2257 880 2319 oeulis
902 2257 1092 2317 occursantia.

1 2361 2 2402 ;
91 2343 191 2403 nullos
216 2345 307 2420 magis
334 2343 413 2403 lraus
443 2343 599 2404 indiscreta
625 2342 811 2404 similitudine
837 2343 916 2401 vitro
940 2339 1092 2400 adulterat.

60 2428 327 2507 asexperlrnentum
355 2429 385 2487 in
410 2428 475 2489 sole
506 2436 630 2504 tantum,
657 2424 739 2486 falsis
767 2427 841 2486 euim
867 2433 969 2484 contra
996 2423 1094 2484 radios

1 2544 2 2636 p
91 2513 212 2573 libratis
225 2510 317 2589 digito
333 2529 367 2572 ao
383 2510 510 2592 pollice,
532 2529 604 2571 unus
621 2519 708 2589 atque
725 2510 802 2570 idem
819 2509 943 2570 tralucet
962 2508 1047 2568 colos
1065 2510 1094 2566 in

91 2615 126 2658 se
143 2604 340 2675 consumptus.
361 2599 424 2658 reri
440 2596 539 2674 fulgor
556 2594 678 2655 subinde
693 2596 821 2655 variatur
835 2602 865 2655 et
883 2593 968 2654 modo
985 2611 1024 2652 ex
1039 2591 1095 2652 hoc

91 2681 161 2762 plus
177 2680 264 2741 modo
288 2699 327 2741 ex
345 2679 396 2742 illo
413 2681 542 2761 spargit,
564 2679 719 2758 fulgorque
740 2680 811 2740 lucis
835 2682 865 2741 in
880 2679 988 2756 digitos
1005 2675 1096 2736 fundi·

92 2775 148 2826 tur.
186 2763 266 2826 llane
283 2783 423 2844 gemmam
448 2774 570 2845 propter
592 2766 725 2826 eximiam
749 2767 870 2843 gratiam
890 2763 1023 2843 plerique
1044 2770 1139 2839 ap-84

1 2904 2 2911 ,
60 2848 249 2931 appellavere
263 2851 433 2930 paederota.
457 2852 505 2930 qui
522 2851 662 2928 privatum
679 2863 771 2922 genus
788 2848 851 2905 eius
868 2849 978 2909 faciunt
992 2863 1096 2922 sange·

42 2937 46 2948 '
93 2953 153 2996 non
174 2935 212 2995 ab
226 2933 305 2995 Indis
321 2937 419 2996 vocari
436 2933 558 2996 tradunt.
594 2936 672 2994 nasci
691 2933 795 2994 dicitur
814 2935 843 2992 in
858 2932 997 3009 Aegypto
1019 2939 1049 2990 et
1067 2931 1097 2988 in

93 3020 224 3098 Arabia,
246 3027 276 3080 et
297 3020 435 3081 vilissima
453 3022 482 3080 in
494 3017 615 3096 fonto,
637 3020 706 3078 item
721 3020 750 3078 iu
767 3017 876 3078 Galatia
897 3034 931 3077 ac
946 3015 1041 3075 Thaso
1066 3022 1096 3076 et

95 3103 205 3184 Cypro.
241 3106 289 3183 qui
310 3104 466 3184 praecellit
488 3122 526 3164 ex
545 3103 690 3182 hisopali
712 3103 826 3182 quidem
852 3102 976 3180 gratiam
996 3099 1097 3176 habet,

96 3189 150 3249 scd
164 3188 282 3250 mollins
305 3191 394 3267 nitet,
418 3207 485 3250 raro
510 3206 567 3249 non
589 3188 703 3249 scaber.
737 3203 843 3247 summa
865 3184 907 3246 illi
928 3184 1038 3245 coloris
1060 3202 1098 3245 ex

62 3290 171 3334 ssaere
201 3281 230 3334 et
261 3290 388 3352 purpura
416 3281 547 3350 constat,
575 3272 706 3332 viriditas
735 3271 878 3349 zmaragdi
905 3270 998 3330 deest.
1038 3287 1097 3328 me·

1 3431 2 3434 Ἴ
97 3357 155 3418 lior
175 3357 226 3418 ille
249 3359 330 3418 cuius
352 3359 450 3436 fulgor
473 3359 530 3417 vini
555 3357 658 3418 colore
683 3359 811 3418 fuscatur
837 3372 920 3435 quam
946 3356 994 3433 qui
1016 3354 1097 3414 dilui-

1 3465 2 3512 t
98 3450 145 3502 tur
159 3459 259 3522 aquae.

158 3527 241 3608 (23.)
264 3526 409 3590 llaotenus
425 3527 461 3588 de
477 3529 638 3607 principatu
652 3528 789 3586 convenit
802 3525 954 3585 mulierum
964 3537 1093 3582 maxume
1105 3529 1138 3582 8⁵
