2468 3896
256 256 337 305 aar.
361 253 735 311 mensurantem.
758 247 908 325 (aa—ao.)
1044 250 1083 313 13

78 410 184 472 briore
206 413 393 472 excutiuntur
406 411 497 472 veluti
518 411 588 472 milli
605 429 740 490 squamae
761 431 832 491 quas
849 424 955 476 vocant
973 415 1082 480 dorem.

78 495 185 555 cadunt
196 504 304 574 antem,
321 513 386 556 eum
398 513 489 574 panes
503 497 580 557 aeris
596 515 669 574 aqna
683 497 905 576 refrigerantur,
920 501 1083 580 rubentque

79 579 218 640 similiter
234 598 372 659 squamae
387 582 464 642 aeris
481 598 564 660 quam
582 589 687 642 vocant
703 581 816 661 lepida,
839 592 870 644 et
883 585 926 645 sic
940 584 1082 647 adultera-

79 672 124 723 tur
146 663 204 724 flos
221 673 252 724 nt
269 682 388 744 squama
403 674 512 727 veneat
527 683 581 744 pro
599 683 644 726 eo.
680 664 735 726 Est
752 676 846 728 autem
867 686 984 748 squama
1005 673 1082 731 aeris

60 747 205 810 ndecnssa
224 751 252 809 vi
269 749 360 810 clavis
381 751 410 809 in
426 767 499 828 quos
518 768 608 829 panes
630 753 710 810 aerei
732 752 948 814 feruminantur.
983 757 1012 814 in
1029 752 1083 832 (ly-

77 835 119 911 pri
135 852 272 896 maxume
289 834 414 895 cilicinis
430 837 531 895 omnia.
557 834 722 896 differentia
736 835 793 896 lroc
809 846 855 898 est
871 837 948 916 quod
966 858 1083 918 squama

3 941 4 946 ¹
77 920 227 979 excutitur
244 921 304 980 ictu
322 918 425 980 iisdem
441 920 581 998 panibus,
600 919 654 980 dos
672 919 747 982 cadit
762 931 877 1000 sponte.

3 999 4 1004 ’
138 1003 227 1082 (25.)
255 1003 398 1082 squamae
414 1013 461 1064 est
475 1004 596 1065 alterum
613 1023 705 1082 genus
725 1005 880 1084 suptilius,
901 1026 940 1068 ex
955 1026 1062 1068 summa
1074 1020 1126 1074 108

3 1097 4 1102 ’
77 1087 192 1148 scilicet
203 1087 342 1166 lanugine
350 1086 514 1166 decussum,
527 1089 604 1168 quod
617 1098 721 1150 vocant
730 1099 881 1152 stomoma.
899 1091 997 1170 Atque
1010 1092 1082 1154 baec

50 1192 70 1232 m
79 1173 172 1232 omnia
184 1173 291 1234 medici
308 1209 353 1218 -
364 1172 441 1252 quod
453 1192 525 1253 pace
538 1191 638 1234 eorum
655 1173 765 1235 dixisse
777 1174 918 1236 liceat-
935 1178 1081 1256 ignorant,

78 1273 144 1336 pars
155 1259 252 1318 maior
270 1267 300 1320 et
312 1259 485 1319 nominibus.
511 1260 541 1320 in
557 1267 694 1318 tantuma
708 1260 895 1322 conficiendis
911 1262 946 1321 iis
958 1261 1081 1322 medica·

77 1342 330 1420 minibusabsunt,
349 1343 427 1422 quod
440 1362 509 1404 esse
520 1345 670 1422 proprium
684 1343 844 1405 medicinae
861 1345 986 1406 solebat.
1009 1365 1082 1406 nunc

78 1429 216 1504 quotiens
225 1427 357 1488 incidere
368 1429 398 1487 in
410 1427 716 1506 libellos,conponere
728 1446 765 1488 ex
775 1427 819 1488 his
828 1429 963 1490 volentes
974 1430 1081 1508 aliqua,

76 1509 132 1571 boc
152 1520 203 1572 est
216 1513 356 1591 inpendio
373 1514 544 1574 miserorum
568 1513 698 1591 experiri
715 1515 936 1591 commentaria,
960 1514 1082 1576 credunt

51 1593 231 1675 nSeplnsiae
256 1599 352 1656 omnia
373 1595 521 1657 fraudibus
551 1599 757 1676 corrumpenti.
795 1599 850 1658 iam
873 1597 988 1675 quidem
1006 1597 1082 1658 iacta

77 1681 237 1761 emplastra
253 1689 284 1742 et
299 1681 421 1759 collyria
437 1690 611 1758 mercantur,
628 1681 770 1760 tabesque
785 1683 923 1742 mercium
940 1690 989 1743 ant
1002 1681 1080 1742 lraus

77 1765 231 1846 Seplasiae
250 1769 330 1827 sicce
347 1765 477 1828 taxetur!
507 1765 545 1826 Et
561 1784 677 1844 squama
696 1775 793 1827 autem
817 1775 847 1828 et
865 1765 919 1828 dos
942 1775 1062 1826 uruntur
1073 1778 1123 1832 109

76 1853 104 1909 in
118 1853 228 1930 patinis
244 1851 382 1914 fictilibus
397 1861 444 1912 aut
459 1853 566 1929 aereis,
583 1850 651 1912 dein
666 1852 797 1913 lavantur
812 1860 842 1911 ut
858 1870 944 1931 supra
962 1851 997 1911 ad
1013 1868 1079 1912 eos·
1091 1869 1124 1906 rec

76 1935 146 1996 dem·
158 1953 249 2014 usus,
271 1945 302 1997 et
322 1936 444 2016 amplius
466 1939 577 1998 narium
590 1954 713 1997 carnosa
731 1937 821 2014 vitia,
847 1938 916 1998 item
930 1937 1026 2013 sedis,
1050 1945 1081 1997 et

50 2021 240 2098 agravitates
261 2023 371 2082 aurium
393 2039 446 2100 per
462 2021 586 2082 fistulam
607 2023 636 2081 in
652 2039 702 2083 eas
720 2020 788 2082 flatu
804 2021 934 2100 inpulsa,
956 2029 986 2081 et
1009 2039 1079 2081 uvas

78 2106 138 2164 oris
152 2105 248 2166 farina
264 2105 377 2166 admota
390 2105 479 2184 tollit,
496 2114 526 2166 et
542 2105 675 2166 tonsillas
690 2125 754 2166 cum
771 2105 867 2167 melle.
898 2105 945 2167 Fit
963 2124 1001 2166 ex
1015 2123 1079 2166 oan-

77 2189 143 2250 dido
162 2208 235 2251 aere
256 2208 372 2270 squama
388 2191 477 2270 longe
497 2188 605 2270 Cypria
627 2191 813 2252 inefficaeior.
850 2209 906 2251 nec
926 2207 984 2250 non
998 2191 1078 2250 urina

77 2276 160 2352 pueri
197 2275 278 2354 prins
306 2285 453 2336 macerant
479 2276 579 2336 clavos
608 2292 759 2354 panesque
786 2275 900 2355 quidam
928 2275 1079 2336 excussuri

77 2377 235 2438 squamam,
250 2368 408 2440 teruntque
420 2371 448 2421 et
458 2378 532 2438 aqua
544 2359 641 2438 pluvia
656 2360 761 2420 lavant.
791 2359 857 2419 dant
870 2368 900 2420 et
911 2359 1079 2438 hydropicis

3 2497 5 2516 ,
49 2462 139 2506 neam
151 2445 295 2506 drachmis
308 2446 418 2507 duabus
436 2447 465 2505 in
477 2445 560 2506 mulsi
575 2443 689 2506 hemina
705 2452 735 2503 et
750 2443 872 2504 inlinunt
883 2462 947 2505 cum
959 2443 1078 2522 polline.

3 2519 5 2608 l
137 2529 226 2611 (26.)
246 2530 406 2608 Aeruginis
424 2547 540 2609 qnoque
560 2547 680 2608 magnus
703 2547 770 2589 usus
794 2536 848 2590 est.
879 2527 1011 2609 pluribus
1028 2529 1059 2588 lit
1074 2539 1122 2592 110

77 2634 110 2677 ea
130 2616 236 2678 modis.
272 2633 395 2694 namque
411 2623 441 2676 et
462 2614 551 2694 lapidi
567 2633 606 2674 ex
622 2631 680 2693 qno
697 2615 833 2692 coquitur
853 2631 903 2674 aes
921 2612 1079 2691 deraditur,

5 2768 10 2787 ι
77 2709 105 2762 et
124 2720 198 2763 aere
221 2699 343 2762 candido
369 2700 521 2779 perforato
550 2707 637 2777 atque
664 2700 693 2759 in
717 2698 795 2758 cadis
823 2717 967 2777 suspenso
990 2716 1079 2776 super

3 2806 4 2813 ¹
76 2795 193 2848 acetum
215 2804 283 2848 acre
306 2793 531 2866 opturatumque
559 2783 710 2862 operculo.
736 2783 826 2842 multo
847 2783 1000 2862 probatior
1021 2791 1079 2860 est,

49 2873 100 2935 ast
120 2871 178 2932 boc
199 2871 277 2933 idem
304 2873 430 2950 squamis
452 2870 509 2930 ilat.
552 2868 665 2948 quidam
685 2885 754 2930 vasa
780 2869 843 2947 ipsa
869 2866 980 2928 candidi
1002 2868 1078 2926 aeris

78 2956 216 3018 fictilibus
231 2955 359 3018 condunt
376 2957 406 3016 in
421 2963 534 3016 acetum
548 2953 708 3033 raduntque
726 2953 848 3014 decumo
867 2951 923 3012 die.
953 2951 1002 3010 alii
1020 2952 1059 3010 vi·
1071 2963 1121 3016 111

78 3043 175 3102 naccis
205 3049 367 3120 contegunt
399 3040 521 3102 totidem
552 3046 620 3118 post
647 3038 710 3099 dies
738 3036 857 3114 radunt,
886 3036 934 3096 alii
963 3035 1079 3096 delima-

80 3133 132 3186 tam
149 3128 229 3188 aeris
245 3127 365 3187 scobem
381 3134 466 3188 aceto
482 3130 623 3204 spargunt
640 3131 817 3202 versantque
834 3121 945 3201 spathis
961 3123 1078 3200 saepius

3 3215 4 3222 ’
80 3210 123 3270 die
142 3211 240 3272 donec
260 3212 435 3272 absumatur.
477 3208 598 3271 eandem
620 3208 741 3269 scobem
767 3207 815 3268 alii
835 3215 934 3268 terere
956 3208 985 3266 in
1005 3223 1080 3265 mor·

50 3297 158 3358 cetariis
180 3299 279 3358 aereis
301 3315 341 3358 ex
355 3305 441 3358 aceto
456 3294 572 3356 malunt.
612 3294 747 3356 ocissime
772 3310 844 3352 vero
867 3293 1010 3368 contingit
1032 3308 1079 3351 co-

79 3383 261 3442 ronariorum
284 3383 486 3442 recisamentis
508 3382 538 3440 in
563 3388 674 3440 acetum
689 3378 718 3438 id
739 3377 851 3439 additis.
885 3375 1059 3436 Adulterant
1072 3382 1122 3438 111

79 3481 220 3528 marmore
236 3468 306 3528 trito
325 3463 613 3527 maxumellbodiam
635 3464 819 3541 aeruginem,
839 3461 887 3522 alii
904 3461 1017 3540 pumice
1033 3465 1081 3518 ant

3 3579 4 3584 1
80 3553 188 3612 cummi.
218 3553 377 3632 praecipue
395 3559 489 3612 autem
504 3548 578 3609 111111
594 3556 754 3607 atramento
776 3547 889 3606 sutorio
911 3543 1078 3602 adulterata.
