2524 3910
306 243 385 289 mnu.
408 243 497 292 tarsu.
521 243 656 292 xxxvii.
682 241 798 296 rut-ta.
822 234 960 312 (ot-tt.)
1070 229 1128 292 177

132 397 229 457 medio
250 399 361 475 nigrum
383 399 503 460 candido
527 402 651 478 cingitur
675 408 704 460 ot
726 398 857 479 luporum
880 398 974 477 oculi,
995 399 1053 460 illis
1074 415 1129 479 per

134 483 226 541 omnia
250 480 360 545 similis.
396 491 460 542 taos
478 487 584 564 pavoni
597 493 643 545 est
659 483 760 545 similis
777 485 904 563 itemque
931 484 1023 564 aspidi
1046 501 1129 563 quam

133 567 232 625 vocari
249 567 433 626 timictoniam
449 567 575 628 invenio.

196 648 277 728 (73.)
298 648 473 711 harenarum
497 651 652 712 similitudo
675 651 771 710 estin
791 651 1011 728 hammoohryso
1028 652 1173 717 velut188

6 741 7 814 J
112 749 203 794 sauro
229 733 344 794 harenis
373 737 472 794 mixto.
512 735 668 796 cenchritis
692 736 800 814 sparsis
828 734 886 794 mili
908 739 1005 813 granis
1029 736 1130 796 similis

134 826 196 896 est,
218 817 319 894 dryitis
338 819 446 878 truncis
462 820 609 897 arborum,
625 835 698 897 quae
714 828 744 879 et
763 819 834 896 ligni
850 820 935 880 modo
951 820 1042 881 ardet.
1075 821 1130 880 cis·

132 903 196 962 sitis
217 903 246 960 in
268 902 388 962 candido
409 903 542 980 perlucet
562 903 689 963 hederae
714 903 793 962 loliis
814 921 887 982 quae
908 912 996 964 totam
1020 913 1128 965 tenent.

131 986 292 1046 narcissitis
316 987 398 1046 venis
424 995 455 1047 et
476 987 567 1048 odore
590 987 784 1064 distinguitur.
824 991 947 1064 cyamias
969 991 1051 1066 nigra
1073 997 1129 1066 est,

6 1137 7 1148 ἶ
132 1070 184 1130 sed
200 1069 290 1129 fracta
311 1089 347 1130 ex
364 1089 396 1131 se
412 1070 496 1132 labae
516 1070 727 1131 similitudinem
745 1072 836 1149 parit,
862 1090 954 1151 pyren
975 1073 1011 1132 ab
1036 1073 1130 1133 olivae

6 1155 7 1234 l
99 1154 256 1218 uonncoleo
273 1154 365 1232 dicta,
390 1153 455 1215 huic
479 1155 631 1234 aliqnando
653 1156 752 1215 inesse
772 1157 894 1234 piscium
913 1158 1014 1235 spinae
1032 1157 1130 1217 viden·

6 1237 8 1262 l
132 1247 194 1316 tur,
218 1237 393 1317 phoenicitis
406 1247 436 1298 ut
454 1239 582 1299 balanus.
612 1238 753 1299 chalazias
771 1238 937 1316 grandinum
961 1250 991 1301 et
1006 1241 1172 1306 cando-189

131 1342 193 1383 rem
231 1331 261 1382 et
289 1323 407 1398 liguram
434 1322 539 1400 habet,
565 1323 762 1384 adamantinae
789 1323 922 1400 duritiae,
955 1333 986 1384 ut
1012 1333 1130 1386 narrent

136 1411 164 1467 in
193 1409 269 1484 ignis
305 1409 390 1468 etiam
412 1407 525 1467 additae
547 1425 664 1467 manere
685 1425 765 1467 suom
786 1407 887 1484 frigus.
919 1409 1023 1486 pyritis
1048 1411 1129 1486 nigra

132 1491 247 1567 quidem
263 1497 325 1566 est,
347 1489 398 1550 sed
414 1493 512 1551 attritu
528 1491 635 1569 digitos
657 1490 757 1550 adurit.
788 1490 951 1569 polyzonos
972 1492 1067 1553 multis
1090 1493 1130 1553 di-

99 1575 235 1633 restincta
252 1572 328 1633 liniis
343 1573 479 1635 candicat.
513 1584 683 1653 astrapaeae
699 1577 727 1633 in
749 1574 868 1635 candido
885 1584 933 1635 aot
947 1593 1058 1652 cyaneo
1074 1577 1130 1637 dis-

131 1665 251 1718 currunt
274 1656 407 1718 emedio
430 1657 556 1718 fulminis
578 1659 659 1722 radii.
690 1660 718 1718 in
743 1658 902 1738 phlogitide
923 1660 1000 1720 intas
1021 1660 1129 1720 damma

131 1742 247 1802 videtur
264 1741 368 1802 ardere
384 1759 457 1820 quae
472 1761 529 1802 non
546 1751 649 1821 exeat,
668 1745 697 1803 in
709 1742 899 1803 anthracitide
912 1743 1055 1806 scintillae
1073 1745 1129 1804 dis-

131 1844 262 1887 currere.
287 1826 434 1905 enhygros
450 1845 566 1908 semper
580 1827 763 1889 rotunditatis
778 1826 929 1890 absolutae
941 1828 970 1890 in
983 1829 1108 1890 candore
1123 1842 1172 1896 190

131 1918 179 1970 εει
194 1909 286 1989 levis,
302 1911 353 1971 sed
371 1911 405 1970 ad
419 1920 525 1972 motum
542 1913 658 1972 hnctuat
675 1915 751 1973 intus
770 1915 799 1973 in
815 1931 849 1974 ea
866 1913 957 1974 veluti
973 1915 1001 1974 in
1018 1917 1081 1975 ovis
1097 1915 1130 1974 li-

97 2007 122 2048 ao
131 2012 214 2074 quor.
244 1994 391 2073 polythrix
402 1995 430 2054 in
441 1996 524 2056 viridi
539 1996 737 2076 capillaturam
750 1998 887 2075 ostendit,
901 1998 953 2058 sed
964 1997 1068 2058 deduia
1081 2016 1129 2058 co·

129 2097 239 2138 marum
253 2080 351 2140 lacere
363 2079 476 2141 dicitur.
502 2089 567 2140 sunt
581 2088 611 2142 et
623 2099 639 2140 a
650 2081 745 2141 leonis
758 2081 837 2160 pelle
852 2091 881 2142 et
893 2100 908 2143 a
919 2082 1059 2162 panthera
1077 2102 1127 2144 no·

129 2163 255 2223 minatae
270 2163 421 2242 {leontios
437 2163 603 2245 pardaliosl.
633 2162 723 2226 Coloe
736 2165 893 2244 appellarit
908 2166 1109 2245 drosolithum,
1123 2179 1168 2233 191

129 2281 173 2294 -
183 2246 339 2307 melichrus
351 2256 398 2308 est
412 2248 545 2327 melleus,
557 2251 637 2308 ouius
650 2249 731 2328 plura
746 2268 865 2326 genera.
883 2250 1071 2312 melichloros
1083 2260 1129 2312 est

6 2407 7 2412 ἵ
129 2332 281 2410 geminus,
299 2340 382 2410 parte
399 2331 506 2411 flavos,
527 2342 610 2412 parte
627 2333 749 2393 melleus
768 2367 823 2411 -,
844 2337 960 2395 crocian
975 2337 1072 2412 croci,
1093 2337 1130 2396 si-

6 2483 7 2488 ,
95 2433 120 2473 aa
129 2413 320 2475 militudinem
334 2416 472 2494 quandam
492 2426 679 2496 spargentem
693 2417 791 2496 polian
814 2419 952 2496 canities,
977 2427 1130 2498 spartopo-

130 2499 193 2561 lion
207 2501 311 2560 rarior.
337 2499 461 2561 rhoditis
477 2518 563 2562 rosae
579 2500 681 2562 similis
698 2510 761 2578 est,
786 2500 915 2561 chalcitis
931 2504 1009 2579 aeri,
1029 2505 1129 2579 sycitis

129 2584 199 2662 heo,
211 2583 400 2660 bostrychitis
414 2585 443 2645 in
455 2586 539 2662 nigro
551 2603 665 2646 ramosa
676 2585 802 2646 candidis
815 2585 862 2647 vel
874 2587 1041 2664 sanguineis
1051 2588 1130 2646 tron-

130 2668 232 2744 dibus,
262 2667 400 2728 chernitis
428 2669 507 2729 velut
533 2670 562 2728 iu
585 2678 669 2748 petra
692 2661 819 2730 candidis
840 2672 969 2731 manibus
998 2672 1074 2731 inter
1096 2690 1129 2732 so

130 2751 294 2830 conplexis.
322 2750 493 2812 hnancitide
507 2755 537 2812 in
551 2752 748 2830 hydromantia
764 2754 861 2815 dicunt
879 2757 996 2815 evocari
1012 2757 1172 2832 imagi-192

95 2851 184 2896 eones
200 2834 338 2911 deorum,
359 2835 541 2912 synochitide
556 2840 650 2898 teneri
667 2839 780 2898 umbras
800 2839 959 2900 inlerorom
981 2848 1129 2917 evocatas,

129 2919 295 2980 dendritide
316 2919 381 2979 alba
402 2918 520 2980 defossa
543 2921 595 2981 suh
619 2923 725 2982 arbore
745 2941 818 3001 quae
833 2923 970 2983 caedatur
985 2925 1129 2983 securium

130 3005 223 3064 aciem
240 3021 298 3063 non
316 3003 458 3064 hebetari.
493 3005 565 3065 Sunt
586 3006 675 3066 multo
694 3007 793 3084 plures
810 3009 960 3085 magisque
976 3007 1129 3068 monstrifi-

130 3105 183 3149 cae
214 3088 319 3166 quihus
339 3087 463 3148 barbara
489 3088 598 3150 dedere
625 3093 738 3150 nomina
766 3092 894 3151 confessi
917 3091 1027 3170 lapides
1050 3111 1129 3170 esse,

6 3239 7 3248 χ
129 3189 189 3232 non
204 3190 341 3250 gemmas.
364 3172 448 3232 nohis
465 3175 535 3234 satis
549 3176 604 3234 erit
618 3175 647 3233 in
658 3174 703 3234 his
718 3177 888 3252 coarguisse
900 3174 960 3236 dira
972 3176 1127 3237 mendacia.

6 3329 8 3340 .
97 3277 121 3319 aa
197 3257 244 3318 12.
267 3256 350 3334 (74.)
373 3253 507 3318 (lammae
530 3266 560 3318 et
587 3267 742 3318 nascuntur
765 3268 889 3338 repente
919 3269 1013 3321 uotae
1045 3262 1107 3321 sine
1120 3270 1170 3324 193

129 3341 312 3418 nominibus,
344 3341 418 3400 sicat
442 3341 509 3401 olim
533 3343 562 3402 in
581 3341 706 3402 metallis
728 3344 849 3402 aurariis
870 3342 1018 3424 Lampsaci
1046 3361 1127 3404 unam

130 3426 276 3486 inventam
294 3441 369 3504 quae
384 3434 507 3506 propter
521 3425 762 3506 pulchritudinem
779 3424 946 3488 Alexandro
960 3430 1023 3506 regi
1040 3430 1126 3487 missa

130 3512 167 3570 sit
187 3503 289 3570 auctor
305 3518 351 3570 est
367 3508 595 3588 Theophrastus.
627 3508 774 3571 cochlides
790 3528 905 3589 qaoque
920 3531 993 3571 nunc
1008 3511 1107 3587 volga·
1119 3519 1168 3574 lat

171 3610 250 3653 anum
265 3611 333 3654 aar.
349 3611 426 3659 arsa.
442 3597 478 3654 V.
935 3607 967 3657 tt
