2468 3896
306 221 387 269 unu.
407 221 498 270 nrsu.
516 223 654 273 xxxrnr.
676 207 871 293 7.(16-18.)
1040 213 1076 274 41

76 375 204 438 Claudio
232 374 360 440 Caesare
383 377 510 456 dicatus,
539 379 586 456 qui
610 378 766 440 devoratur
786 377 955 457 Pompeiani
977 380 1081 442 theatri

75 462 250 539 vicinitate,
276 461 341 524 talis
365 470 394 522 et
413 460 531 524 Tarenti
555 463 647 523 lactus
664 481 679 522 a
695 462 825 543 Lysippo
840 461 890 523 Xb
912 465 1081 526 cubitorum.

75 547 182 606 mirum
199 547 229 604 in
245 563 282 606 eo
298 546 377 625 quod
391 563 484 623 manu,
502 555 533 606 ut
547 547 654 625 lerunt,
670 548 786 608 mobilis
799 581 840 594 —
857 567 891 608 ea
908 551 982 609 ratio
999 549 1084 611 libra·

75 631 170 690 menti
186 638 234 690 est
252 666 290 675 -
313 629 399 692 nullis
421 630 602 691 convellatur
618 632 767 710 procellis.
806 633 836 692 id
857 631 971 710 quidem
988 635 1084 713 provi-

55 725 68 764 t
79 713 162 774 disse
177 722 208 774 et
221 714 328 775 artifex
340 713 444 776 dicitur
453 716 567 776 modico
579 715 745 796 intervallo,
757 716 832 778 unde
845 735 975 778 maxume
989 716 1084 777 datum

79 815 155 877 opus
170 806 236 858 erat
248 798 353 877 frangi,
367 801 503 879 opposita
517 799 657 861 columna.
675 803 773 880 itaque
782 800 1005 879 magnitudinem
1018 819 1083 880 pro-

77 891 147 962 pter
162 881 568 963 difficultatemquemoliendi
579 903 636 946 non
647 887 743 964 attigit
753 905 816 946 eum
823 884 1084 946 FabiusVerruco·

1 1031 2 1048 3
79 985 141 1044 sus,
161 984 227 1027 cum
238 965 393 1028 Herculem
408 970 456 1048 qui
474 970 560 1029 estin
573 966 719 1049 Capitolio
732 969 798 1031 inde
813 970 996 1031 transferret.
1015 979 1081 1031 ante
1093 980 1125 1035 41

1 1079 2 1084 1
81 1052 177 1110 omnis
195 1059 292 1111 autem
307 1053 336 1112 in
351 1052 539 1114 admiratione
555 1053 609 1113 luit
624 1052 701 1114 Solis
718 1054 852 1114 colossus
867 1053 981 1133 Rhodi,
1000 1072 1085 1132 quem

1 1143 2 1202 l
49 1135 196 1196 refecerat
215 1131 325 1197 Chares
341 1135 475 1214 Lindius,
496 1136 616 1216 Lysippi
641 1155 728 1217 supra
749 1138 817 1199 dicti
833 1137 1001 1217 discipulus.
1039 1158 1116 1200 se-cr

1 1218 2 1262 l
80 1220 235 1299 ptnaginta
257 1222 419 1282 cubitorum
442 1220 601 1281 altitudinis
622 1222 686 1287 fuit.
731 1222 787 1283 boc
812 1222 991 1283 simulacrum
1019 1232 1086 1301 post

80 1304 354 1382 quinquagesimum
369 1313 483 1366 sextum
499 1324 600 1366 annum
615 1315 713 1368 terrae
729 1315 808 1366 motu
826 1314 1019 1385 prostratum,
1034 1306 1087 1368 sed

80 1390 183 1449 iacens
202 1405 320 1466 quoque
335 1389 473 1451 miraculo
492 1398 546 1450 est.
578 1392 660 1469 pauci
679 1389 816 1470 pollicem
831 1392 894 1450 eius
911 1391 1086 1469 amplectun-

81 1482 144 1550 tur,
172 1473 300 1533 maiores
318 1481 383 1533 sunt
398 1473 480 1551 digiti
498 1492 581 1553 quam
597 1474 757 1554 pleraeque
774 1482 896 1539 statuae.
929 1475 1002 1534 vasti
1022 1492 1087 1553 spe·

47 1578 127 1621 accus
151 1559 237 1620 hiant
255 1559 395 1620 defractis
411 1559 563 1639 membris,
584 1569 754 1641 spectantur
771 1562 848 1620 intus
863 1578 984 1638 magnae
1001 1559 1086 1622 molis

77 1662 149 1706 saxa
166 1662 291 1724 quorum
305 1643 437 1723 pondere
450 1643 632 1706 stabiliverat
650 1646 841 1707 constituens.
872 1643 1023 1706 duodecim
1039 1662 1086 1705 an·

77 1731 121 1789 nis
138 1729 259 1790 tradunt
284 1728 419 1790 eflectum
442 1724 516 1789 CGG
538 1729 655 1790 talentis
682 1748 757 1809 quae
779 1730 964 1808 contigerant
986 1748 1024 1790 ex
1040 1727 1087 1790 ad·

77 1823 183 1893 paratu
206 1815 288 1892 regis
309 1811 450 1874 Demetrii
475 1813 581 1874 relicto
601 1831 701 1876 morae
718 1814 814 1875 taedio
830 1831 953 1893 opsessa
970 1812 1084 1874 Rhodo.

0 1947 1 1954 ,
79 1899 152 1959 Sunt
168 1897 219 1958 alii
237 1907 352 1959 centum
365 1915 485 1958 numero
500 1899 529 1958 in
545 1897 646 1958 eadem
662 1898 734 1959 urbe
750 1898 859 1960 colossi
874 1899 1002 1960 minores
1016 1898 1083 1974 boc,
1094 1903 1130 1960 42

51 1983 131 2044 acsed
150 1984 325 2061 ubicumque
341 1982 446 2060 singuli
470 1982 611 2060 luissent,
633 1982 811 2043 nobilitaturi
828 1981 939 2059 locum,
956 1990 1086 2062 praetcr-

80 2087 136 2147 qne
156 2067 213 2128 hos
230 2066 350 2128 deornm
370 2068 499 2146 quinque
517 2084 590 2145 quos
606 2066 678 2128 lecit
694 2066 824 2145 Bryaxis.
858 2066 1014 2128 Factitavit
1035 2071 1130 2131 ιιι-43

80 2152 181 2213 lossos
199 2160 230 2212 et
245 2150 337 2213 ltalia.
367 2150 497 2212 ridemus
514 2159 595 2212 certe
613 2149 801 2212 Tuscanicum
815 2152 982 2230 Apollinem
997 2153 1026 2212 in
1046 2151 1087 2212 bi·

8 2298 12 2309 ,
81 2237 233 2298 bliotbeca
242 2235 341 2316 templi
355 2235 480 2314 Augusti
493 2235 810 2317 qninquagintapedum
819 2236 962 2317 apollice,
971 2235 1086 2296 dubium

7 2314 15 2401 l
81 2341 152 2383 aere
168 2320 378 2382 mirabiliorem
395 2339 430 2381 an
442 2319 663 2399 pulchritudine.
688 2321 759 2381 fecit
776 2329 806 2382 et
822 2320 871 2400 Sp.
885 2317 1028 2382 Caruilius
1041 2318 1086 2380 lo·

8 2418 14 2441 ¹
53 2425 147 2467 avem
166 2407 216 2485 qui
236 2407 327 2466 estin
348 2402 494 2483 Capitolio
512 2407 597 2466 victis
618 2404 793 2466 Samnitibus
816 2412 928 2466 sacrata
945 2402 1013 2481 lege
1036 2421 1087 2483 pn-

81 2491 238 2569 gnantibus
248 2509 265 2551 e
277 2489 475 2570 pectoralibus
490 2507 590 2551 eorum
603 2491 803 2567 ocreisqueet
813 2489 916 2567 galcis.
929 2486 1086 2566 amplitudo

82 2584 161 2636 tanta
174 2583 223 2636 est
233 2582 263 2634 ut
274 2575 471 2654 conspiciatur
483 2592 500 2634 a
510 2573 616 2634 latiari
632 2573 714 2634 love.
734 2573 895 2653 ereliquiis
911 2572 995 2633 limae
1008 2589 1101 2660 suam.

82 2669 208 2721 statuam
225 2660 297 2721 fecit
314 2677 388 2737 qnae
405 2667 451 2720 est
469 2667 535 2719 ante
558 2656 649 2736 pedes
668 2657 810 2719 simulacri
827 2660 899 2718 cius.
933 2656 1040 2720 babent
1055 2658 1084 2717 in
1095 2663 1130 2721 44

83 2745 189 2806 eodem
206 2741 353 2822 Capitolio
369 2742 587 2804 admirationem
608 2750 637 2802 et
658 2743 752 2822 capita
769 2742 825 2804 duo
847 2761 920 2822 quae
938 2741 968 2802 P.
981 2740 1086 2802 lentu-

54 2830 126 2894 solus
153 2827 258 2890 consul
280 2828 402 2904 dicavit,
423 2826 545 2887 alterum
569 2845 585 2887 a
604 2825 730 2888 Charete
754 2846 841 2907 supra
866 2827 944 2887 dicto
965 2827 1082 2902 lactum,
1095 2840 1118 2878 o

83 2914 216 2976 alterum·
230 2913 302 2973 lecit
324 2911 433 2973 Decius
455 2914 665 2991 conparatione
687 2915 716 2972 in
739 2921 846 2972 tantum
865 2915 957 2972 victus
973 2917 1004 2970 ut
1020 2912 1088 2969 arti·

86 2999 168 3060 lcum
190 2999 315 3058 minume
339 2996 502 3076 probabilis
522 2997 662 3058 rideatur.
702 3015 800 3057 verum
824 3013 936 3057 omnem
953 2993 1129 3074 amplitudo

85 3085 179 3145 dinem
195 3090 354 3144 statuarum
370 3082 433 3143 eius
457 3083 577 3159 generis
592 3083 662 3144 vicit
683 3088 780 3142 aetate
798 3087 898 3141 nostra
917 3078 1087 3140 zenodorus

13 3158 18 3243 ἰ
85 3167 232 3230 llercurio
257 3168 335 3229 lacto
359 3167 389 3227 in
410 3167 529 3228 civitate
548 3163 659 3228 Galliae
675 3166 827 3226 Arvernis.
862 3182 916 3243 per
931 3182 1022 3226 annos
1040 3163 1088 3225 de·

14 3252 17 3275 ¹
57 3269 163 3331 arcem,
180 3251 237 3314 llS.
251 3247 369 3396 Εἶρα-01
385 3244 556 3330 manipreti,
571 3259 724 3330 postquam
740 3251 811 3311 satis
823 3258 914 3311 artem
929 3249 968 3310 ibi
985 3247 1089 3328 adpro·

86 3337 227 3414 baverat,
281 3355 371 3398 ornam
394 3336 504 3397 adcitus
532 3333 707 3412 aNerone,
734 3335 782 3396 ubi
812 3333 984 3395 destinatum
1010 3331 1088 3392 illius

88 3424 225 3501 principis
242 3423 396 3483 simulacro
414 3420 563 3482 colossum
578 3420 648 3482 fecit
665 3415 760 3480 CXIX
777 3417 881 3498 pedum
897 3415 1089 3495 longitudine,

89 3508 135 3588 qui
158 3507 270 3572 dicatus
292 3506 354 3567 Soli
382 3507 564 3568 venerationi
592 3513 638 3565 est
665 3504 803 3563 damnatis
827 3501 990 3562 sceleribus
1012 3497 1089 3556 illins
