2510 3898
284 213 364 263 mun.
380 213 468 263 ursn.
484 215 605 263 xxxvu.
620 213 724 268 9-12.
740 204 891 284 (rt-17.)
1031 205 1090 268 119

86 373 199 432 otiosa.
240 371 328 432 multa
351 372 427 432 circa
447 371 504 433 hoc
520 373 629 433 vanitas
647 371 793 433 hominum
815 373 930 433 illorum
944 373 1005 434 luit.
1038 393 1090 436 ve·

86 458 178 534 stigia
195 456 374 536 conplurium
391 457 589 518 inchoatarum
604 465 731 518 exstant.
763 475 818 518 una
834 466 880 518 est
895 459 924 516 in
939 457 1090 520 Arsinoite

86 558 197 619 nomo,
214 541 286 602 duae
302 542 331 601 in
345 540 519 620 Memphite,
540 560 598 601 non
613 541 716 620 procul
732 541 916 620 labyrintho,
932 542 968 603 de
985 561 1043 623 quo
1060 553 1122 622 et„

85 627 156 705 ipso
174 625 311 688 dicemus
337 625 456 686 totidem
471 627 546 686 uhii
546 628 586 686 uit
532 624 740 687 ihloeridis
756 625 853 703 lacus,
870 627 927 687 hoo
942 637 988 688 est
1005 629 1087 690 fossa
1098 642 1134 698 76

63 709 226 788 sgrandis,
253 710 305 771 sed
327 711 484 824 Aegyptiis
511 713 588 772 inter
609 712 680 770 mira
705 729 739 770 ac
763 669 947 772 memdranda
967 723 1089 776 narrata.

86 794 188 855 harum
203 797 396 856 canonicas·
391 799 507 857 ·extra
523 813 624 873 aquam
639 797 768 856 eminere
784 796 923 857 dicuntur
959 797 1090 876 reliquae

87 888 170 958 tres,
188 897 262 958 qnae
280 880 382 941 orbem
397 888 538 943 terrarum
555 878 708 960 inplevorc
723 881 813 958 lama,
829 899 898 941 sane
915 884 1090 962 conspicuae

86 965 218 1044 undiquc
241 964 497 1042 adnavigantihus,
519 966 593 1026 sitae
615 966 709 1024 sunt
701 984 730 1025 m
754 974 838 1044 parte
856 966 975 1028 Africae
991 977 1090 1029 monte

86 1067 183 1109 saxeo
206 1048 358 1128 sterilique
377 1051 454 1111 inter
468 1047 624 1128 hiemphim
645 1049 780 1128 oppidum
802 1059 831 1111 et
852 1052 930 1130 quod
949 1054 1090 1132 appellari

53 1157 77 1198 ro
86 1133 213 1194 diximus
228 1133 331 1211 Delta,
348 1152 363 1194 a
381 1134 448 1195 Nilo
464 1136 556 1195 minus
572 1134 628 1194 llll
646 1133 723 1194 milia
736 1152 882 1212 passuum,
899 1154 914 1196 a
929 1135 1085 1217 Memphis,
1099 1159 1131 1196 ru

85 1220 141 1288 ᾖ
153 1218 190 1298 D,
200 1221 264 1280 vico
279 1219 414 1298 adposito
430 1238 515 1299 quem
529 1228 634 1280 vocant
649 1218 782 1295 Busirim,
798 1221 827 1279 in
843 1237 880 1280 eo
894 1231 960 1282 sunt
977 1222 1089 1284 adsueti

85 1305 231 1366 scandere
246 1305 319 1366 illas.

152 1391 236 1469 (17.)
253 1389 331 1450 Ante
344 1397 390 1450 est
406 1389 510 1469 sphinx
521 1390 569 1450 vel
585 1389 675 1465 magis
688 1389 827 1450 narranda
842 1389 879 1450 de
895 1407 950 1468 qua
963 1391 1085 1469 siluere,
1098 1403 1131 1460 77

84 1493 194 1536 numen
213 1474 413 1536 adcolentium.
448 1473 583 1534 Harmain
604 1491 706 1551 regern
727 1483 829 1552 putant
847 1476 876 1534 in
892 1491 927 1534 ea
944 1475 1090 1536 conditum

53 1581 75 1621 rs
85 1569 117 1621 et
133 1558 236 1620 volunt
251 1562 393 1620 invectam
404 1558 507 1619 uideri.
538 1568 584 1619 est
599 1567 695 1618 autam
707 1576 779 1618 saxo
791 1558 913 1619 naturali
931 1558 1088 1621 elaborata.

84 1645 204 1705 rubrica
225 1645 317 1706 iacies
338 1645 458 1706 monstri
482 1644 604 1720 colitur,
628 1645 732 1722 capitis
752 1662 807 1722 per
825 1645 950 1704 frontem
968 1645 1090 1706 ambitus

84 1737 203 1790 centnm
228 1729 300 1790 duos
322 1728 413 1809 pedes
438 1728 569 1807 colligit,
595 1728 746 1806 longitudo
767 1729 872 1808 pedum
894 1726 1011 1790 thlll
1032 1739 1088 1808 est,

84 1814 209 1875 altitudo
236 1833 251 1874 a
274 1823 379 1875 ventre
408 1813 443 1874 ad
458 1833 592 1875 summam
619 1813 748 1892 aspidem
773 1816 802 1874 in
832 1817 946 1894 capite,
971 1813 1035 1875 Llll
1057 1816 1087 1877 S.

4 1979 5 1984 ’
53 1983 232 2045 cohominum
253 1986 336 2046 annis
359 1981 414 2044 XX
437 2002 500 2044 eam
517 1983 718 2044 construxisse
736 1984 904 2063 produntur.
940 1994 999 2046 tres
1016 2004 1087 2046 vero

85 2069 181 2130 iactae
199 2071 280 2130 annis
297 2067 457 2148 hXXVlll,
473 2068 621 2129 mensibus
637 2067 704 2128 llll.
729 2066 784 2141 Qui
801 2069 837 2130 de
854 2071 890 2128 iis
907 2072 1079 2148 scripserint
1091 2080 1127 2136 79

86 2163 153 2213 sunt
173 2153 362 2232 Herodotus,
392 2152 591 2231 Euhemerus,
619 2152 707 2213 Duris
731 2153 860 2231 Samius,
887 2153 1087 2233 Aristagoras,

4 2307 6 2318 γ
85 2236 264 2317 Dionysius,
286 2238 509 2316 Artemidorus,
530 2238 700 2299 Alexander
715 2239 900 2318 polyhistor,
922 2239 1088 2317 Butoridas,

4 2321 6 2404 l
87 2323 299 2402 Antisthenes,
324 2323 510 2400 Demetrius,
537 2321 726 2402 Demoteles,
749 2323 855 2402 Apion.
899 2325 975 2384 inter
996 2327 1088 2384 omnis

4 2415 5 2474 i
55 2427 77 2468 25
88 2425 140 2468 eos
161 2426 220 2469 non
236 2417 351 2469 constat
366 2427 382 2468 a
396 2408 499 2486 quihus
515 2408 609 2469 iactae
624 2411 698 2484 sint,
712 2409 872 2468 iustissimo
887 2426 955 2468 casu
971 2409 1089 2468 oblitte-

87 2495 157 2553 ratis
182 2501 279 2553 tantac
300 2495 434 2554 vanitatis
456 2493 634 2554 auctoribus.
673 2492 762 2572 aliqui
784 2511 822 2553 cx
842 2493 878 2552 iis
898 2493 1089 2572 prodiderunt

86 2579 114 2638 in
127 2577 274 2658 raphanos
290 2587 320 2639 et
336 2578 422 2639 alium
443 2597 477 2639 ae
494 2595 582 2657 cepas
596 2576 662 2639 001)
675 2578 785 2638 talenta
800 2586 930 2656 erogata.
960 2576 1086 2656 Amplis·
1096 2589 1132 2644 Ao

87 2664 156 2723 sima
175 2669 244 2724 octo
268 2664 370 2740 iugera
387 2664 501 2742 optinet
524 2661 589 2723 soli.
632 2671 768 2742 quattuor
785 2663 953 2741 angulorum
968 2663 1087 2743 paribus

87 2745 249 2808 intervallis
268 2745 522 2808 DGGCthllllIl
548 2747 640 2826 pedes
665 2749 845 2826 singulorum
866 2748 1005 2826 laterum,
1025 2748 1088 2808 alti·

4 2895 5 2916 ,
56 2833 155 2893 utndo
171 2849 187 2892 a
206 2833 352 2894 cacumine
370 2832 405 2892 ad
420 2832 514 2892 solum
532 2832 624 2912 pedes
642 2830 805 2893 Dcoxxv
819 2832 949 2911 colligit,
965 2834 1087 2894 ambitus

4 2949 5 2954 κ
86 2917 241 2978 cacuminis
257 2917 349 2996 pedes
365 2916 435 2978 xvi
451 2917 479 2977 S.
503 2918 623 2978 alterius
638 2916 792 2978 intervalla
807 2917 921 2995 singula
937 2935 992 2996 per
1008 2925 1087 2996 quat·

4 2999 5 3042 t
86 3010 152 3063 tuor
167 3000 292 3079 angulos
309 3003 400 3080 pedes
418 2999 574 3063 DCGthl
595 3002 623 3062 S.
639 3002 849 3081 conprenderit.
889 3003 976 3062 tertia
994 3004 1088 3062 minor

87 3086 201 3166 quidem
226 3087 402 3165 praedictis,
427 3087 479 3147 sed
494 3087 584 3148 multo
601 3088 763 3167 spectatior
781 3084 965 3164 Aethiopicis
987 3086 1087 3166 lapidi·

86 3171 139 3232 bus
167 3171 299 3249 adsurgit
327 3169 494 3232 CGGthll
522 3171 645 3250 pedibus
673 3174 749 3232 inter
773 3170 906 3249 angulos.
950 3170 1085 3251 Vestigia
1095 3182 1127 3237 81

55 3256 317 3322 reaedificationum
337 3256 415 3317 nulla
438 3264 562 3316 exstant.
598 3255 705 3317 harena
729 3255 788 3316 lato
813 3274 884 3335 pura
903 3257 980 3317 circa
999 3255 1087 3318 lentis

4 3377 5 3422 ,
86 3340 291 3420 similitudine,
319 3341 411 3420 qualis
435 3343 464 3401 in
483 3343 594 3402 maiore
615 3349 699 3420 parte
721 3342 848 3402 Africae.
886 3344 1087 3420 quaestionum

4 3447 5 3458 *
87 3444 194 3488 summa
216 3434 263 3487 ost
283 3445 404 3506 quanam
433 3428 547 3487 ratione
575 3429 733 3488 intantum
756 3425 934 3486 altitudinem
955 3427 1087 3486 subiecta

10 3535 13 3538 ·
86 3514 143 3572 sint
158 3521 318 3574 caementa.
354 3511 403 3573 alii
425 3513 501 3572 nitro
519 3530 552 3572 ac
570 3510 632 3572 sale
648 3510 834 3588 adaggeratis
851 3527 914 3569 cum
931 3517 1086 3570 crescente
