2510 3898
182 213 241 275 110
530 224 557 274 c.
579 225 675 273 eninr
695 222 845 274 succum

179 399 284 460 magno
299 381 357 443 lcci
374 380 492 443 silentio
511 382 575 444 talis
591 384 740 446 admiratio
758 388 812 441 est.
844 381 951 460 quade
967 399 1053 442 causa
1069 383 1196 460 ignora-

158 482 161 487 ·
180 474 226 527 tur
242 467 349 528 artifex
366 467 428 526 eius
441 483 558 545 quoque
571 463 699 525 Veneris
714 483 797 545 qnam
809 464 1009 546 Vespasianus
1025 469 1196 546 imperator

136 561 172 618 28
182 553 212 612 iu
228 551 369 631 operibus
381 549 465 611 Pacis
481 568 551 611 suae
567 548 674 610 dicavit
689 551 872 629 antiquorum
887 552 1002 630 dignam
1018 553 1099 612 fama.
1131 551 1195 612 Par

178 636 336 698 haesitatio
361 643 408 696 est
428 637 458 696 in
480 633 590 713 templo
615 634 762 713 Apollinis
783 635 915 714 Sosiani,
934 635 1049 697 Niobae
1072 637 1194 697 liberos

178 723 331 782 morientis
347 721 458 799 Scopas
481 738 516 781 an
531 718 696 781 Praxiteles
720 719 845 798 fecerit,
868 723 938 782 item
953 720 1038 782 lanus
1054 729 1142 800 pater
1158 722 1218 784 ins

179 824 233 868 suo
250 805 359 884 templo
379 804 489 867 dicatus
511 804 547 865 ab
566 804 701 882 Augusto
724 823 762 865 ex
777 804 917 885 Aegypto
935 805 1074 866 advectus
1091 806 1192 866 utrius

178 908 277 951 manus
292 890 340 966 sit,
357 891 413 951 iam
435 889 551 967 quidem
569 897 599 950 ct
615 907 686 950 auro
703 889 874 954 occultatus.
906 890 1040 951 similiter
1058 892 1087 950 in
1106 891 1192 951 curia

180 974 318 1036 Octaviae
337 975 487 1054 quaeritur
509 973 545 1034 de
562 971 704 1054 Cupidine
724 973 833 1036 fulmen
851 983 983 1036 tenente.
1018 974 1048 1035 id
1072 975 1191 1036 demum

179 1059 359 1138 adfirmatur,
383 1057 556 1120 Alcibiaden
577 1077 646 1120 εεεε
667 1060 828 1138 principem
849 1060 941 1122 forma
966 1061 995 1120 in
1020 1079 1055 1120 ea
1077 1067 1189 1122 aetate.

137 1153 171 1210 29
182 1142 273 1205 hlulta
291 1146 320 1205 in
338 1143 440 1206 eadem
456 1143 557 1206 schola
574 1145 637 1205 sine
655 1145 822 1205 auctoribus
839 1144 974 1224 placenti
989 1145 1086 1228 Satyri
1105 1150 1190 1223 quat·
1202 1166 1231 1210 ro

180 1236 267 1307 tuor,
290 1249 328 1290 ex
346 1229 451 1308 quibus
475 1247 548 1289 unus
566 1226 702 1291 Liberum
717 1238 828 1308 patrem
844 1229 921 1308 palla
936 1229 1061 1290 velatum
1077 1231 1189 1290 umeris

183 1315 334 1393 praefert,
357 1312 432 1376 alter
445 1312 580 1375 Liberam
601 1312 750 1391 similiter,
776 1315 879 1374 tertius
901 1314 1046 1393 ploratum
1067 1315 1190 1376 infantis

181 1398 312 1478 cohibet,
331 1408 449 1478 quartus
467 1407 583 1460 cratere
599 1398 719 1461 alterius
735 1399 813 1459 sitim
829 1398 923 1476 sedat,
937 1398 1071 1479 duaeque
1086 1399 1189 1460 Aurae

180 1483 365 1546 velificantes
389 1503 441 1546 sna
462 1493 558 1545 veste.
599 1502 654 1546 nec
680 1485 774 1544 minor
794 1486 928 1562 quaestio
953 1493 1000 1546 est
1024 1486 1054 1545 in
1074 1486 1188 1564 saeptis

181 1567 333 1649 Olympum
350 1577 380 1630 et
395 1568 482 1644 Paua,
499 1565 656 1630 Chironem
671 1587 733 1629 curn
749 1567 865 1630 Achille
879 1571 928 1647 qui
943 1569 1085 1648 fecerint,
1102 1587 1188 1648 prae·
1199 1595 1226 1636 ιε

138 1663 173 1719 30
183 1657 285 1714 sertim
297 1672 360 1715 cnm
374 1652 489 1732 capitali
502 1652 693 1714 satisdatione
705 1653 778 1714 fama
788 1653 896 1714 iudicet
908 1655 1023 1733 dignos.
1053 1654 1097 1734 [9]
1115 1654 1188 1715 Sco·

182 1755 234 1816 pas
250 1738 350 1799 habuit
365 1736 496 1798 aemulos
514 1737 615 1798 eadem
637 1747 734 1798 aetate
754 1738 889 1816 Bryaxim
906 1748 936 1800 et
953 1738 1137 1800 Timotheum
1156 1747 1188 1800 ει

180 1819 369 1900 Leocharen,
389 1820 426 1882 de
447 1820 553 1901 quibus
570 1822 654 1883 simul
672 1822 823 1884 dicendum
839 1833 901 1902 est,
920 1825 1057 1904 quoniam
1074 1825 1188 1904 pariter

184 1906 338 1968 caelavere
358 1905 549 1968 Mausoleum.
585 1907 770 1986 sepulchrum
790 1908 847 1970 hoc
868 1917 914 1970 εει
934 1908 970 1970 ab
987 1927 1081 1972 uxore
1096 1909 1186 1971 Arte·

165 1992 264 2052 'misia
285 1990 391 2051 iactum
411 1988 545 2052 Mausolo
573 1989 677 2054 Cariae
698 1992 821 2070 regulo,
843 1995 891 2074 qui
916 1993 990 2056 obiit
1012 1994 1223 2074 olympiadism

184 2073 273 2136 CVll.
287 2092 362 2160 anno
380 2075 517 2137 secundo.
549 2094 623 2156 opus
638 2076 667 2137 id
683 2085 713 2137 ut
728 2086 810 2139 esset
825 2079 903 2139 inter
919 2087 1034 2159 septem
1048 2079 1185 2141 miracula

181 2160 211 2220 hi
227 2177 358 2220 innume
375 2160 477 2221 iecere
494 2161 630 2222 artifices.
663 2169 745 2241 patet
763 2163 799 2222 ab
815 2172 917 2226 austro
932 2173 963 2225 et
981 2166 1184 2244 septentrione

182 2250 327 2307 centenos
343 2262 510 2322 sexagenos
528 2254 630 2308 ternos
646 2246 758 2326 pedes,
773 2248 894 2309 brevius
909 2268 926 2311 a
941 2249 1103 2327 frontibus,
1121 2257 1183 2309 toto

181 2331 330 2390 circumitu
343 2329 435 2409 pedes
449 2327 672 2410 ccccxxxii,
683 2331 827 2394 attollitur
838 2334 867 2394 in
881 2334 1061 2396 altitudinem
1072 2331 1184 2394 XXXX

141 2419 148 2426 “
183 2415 306 2492 cubitis,
322 2415 448 2493 cingitur
463 2414 603 2477 columnis
618 2418 736 2495 triginta
752 2436 814 2480 sex.
845 2427 953 2498 pteron
967 2437 1112 2483 vocavere
1129 2420 1183 2480 cir·
1193 2445 1221 2488 25

138 2510 172 2568 31
186 2501 328 2560 cumitum.
366 2499 402 2559 ab
420 2501 535 2561 oriente
552 2500 677 2562 caelavit
695 2500 825 2583 Scopas,
845 2521 861 2564 a
877 2505 1081 2584 septentrione
1096 2503 1182 2581 Brya-

182 2586 245 2661 xis,
269 2601 285 2642 a
305 2583 427 2644 meridie
442 2583 628 2665 Timotheus,
650 2586 686 2648 ab
708 2605 813 2649 occasu
834 2587 1020 2667 Leochares,
1046 2590 1183 2669 priusque

183 2686 266 2747 quam
284 2676 462 2746 peragerent
478 2672 581 2748 regina
601 2671 684 2732 obiit.
723 2690 782 2734 non
805 2681 901 2735 tamen
924 2682 1113 2736 recesserunt
1128 2675 1182 2734 nisi

182 2751 319 2813 absoluto
336 2753 409 2830 iam,
425 2753 454 2814 id
466 2754 580 2832 gloriae
596 2758 727 2836 ipsorum
742 2758 873 2837 artisque
892 2760 1099 2821 monimentum
1113 2757 1183 2820 iudi·

184 2845 284 2899 cantes
293 2880 303 2915 ,
319 2837 467 2917 hodieque
483 2847 596 2902 certant
610 2859 718 2903 manus.
739 2844 876 2904 ‘accessit
893 2852 924 2906 et
939 2845 1054 2924 quintus
1068 2844 1218 2910 antifonae

183 2940 306 3002 namque
323 2941 410 3003 supra
426 2932 532 3003 pteron
546 2929 672 3005 pyramis
688 2927 868 2990 altitudinem
882 2930 1053 2992 inferiorem
1068 2937 1181 3008 aequat,

183 3009 285 3086 viginti
304 3016 441 3088 quattuor
465 3011 604 3088 gradibus
626 3013 656 3072 in
676 3021 771 3074 metae
789 3031 927 3077 cacumen
943 3034 977 3076 se
997 3013 1180 3076 contrahens.

183 3093 213 3152 in
237 3111 346 3154 summo
367 3102 414 3155 εει
435 3095 575 3174 quadriga
594 3115 757 3159 marmorea
777 3116 861 3178 quam
884 3101 956 3161 iecit
970 3099 1081 3178 Pythis.
1112 3098 1182 3160 haec

183 3177 296 3238 adiecta
310 3186 426 3239 centum
440 3181 628 3260 quadraginta
642 3182 746 3262 pedum
768 3182 919 3246 altitudine
941 3192 1034 3246 totum
1052 3202 1124 3264 opus
1141 3185 1181 3244 in·

141 3261 285 3327 secludit.
329 3264 396 3344 [101
427 3264 571 3328 Timothei
596 3285 679 3329 manu
702 3267 793 3329 Diana
819 3268 931 3332 Romae
954 3279 1001 3332 est
1023 3272 1053 3331 in
1074 3268 1216 3334 Palatinas

183 3347 331 3428 Apollinis
349 3347 489 3429 delubro,
510 3353 555 3412 cui
576 3353 662 3432 signo
684 3362 770 3434 caput
784 3357 918 3434 reposuit
934 3356 1075 3417 Avianius
1091 3353 1180 3416 Evan-

185 3433 249 3495 der.
279 3433 312 3494 ln
333 3451 436 3512 magna
455 3436 643 3500 admiratione
665 3447 711 3500 est
732 3437 877 3503 hercules
894 3439 1067 3503 Menestrati
1084 3448 1114 3502 et
1126 3437 1181 3502 lle·

185 3528 250 3580 cate
265 3517 379 3600 Ephesi
399 3520 429 3581 in
449 3521 558 3602 templo
571 3522 681 3586 Dianae
703 3532 772 3605 post
794 3525 896 3588 aedem
911 3528 941 3588 in
963 3527 1043 3587 euius
1058 3533 1182 3590 contem·
