2468 3896
244 232 322 278 nnn.
345 229 436 278 urar.
458 231 583 279 xxx111.
603 229 630 282 4.
655 232 681 283 5.
702 215 852 300 (aa-tt.)
1010 221 1048 280 19

65 382 137 445 nelle
158 402 235 444 vero
256 385 408 447 decoctum
427 405 490 446 cum
503 385 661 446 melanthio
679 395 710 446 et
725 387 836 447 inlitum
855 386 991 448 umbilico
1005 387 1047 449 le-

66 471 127 528 nter
147 469 239 528 solvit
266 470 371 532 alvom.
420 489 490 530 acro
518 487 656 530 verrucas
683 472 776 530 curari
805 470 845 532 hl.
876 471 971 532 Varro
1000 490 1048 532 au·

66 560 117 612 ctor
130 561 185 614 est.

113 639 140 696 5.
166 637 250 717 (26.)
277 635 469 715 chrysocolla
488 654 571 699 umor
588 647 635 698 est
654 639 683 698 in
705 641 803 718 puteis
824 658 897 720 quos
919 639 1087 706 diximus&

52 738 106 798 uper
116 739 220 782 venam
236 723 297 781 auri
310 721 441 784 defluens
454 731 658 784 crassescente
673 723 742 783 limo
756 723 904 803 rigoribus
919 723 1048 784 hiber-⁶*
1059 731 1089 768 ⁸¹⁴·

65 807 98 865 uis
111 823 202 884 usque
218 806 249 865 in
264 806 397 866 duritiam
415 809 545 886 pumicis.
578 807 766 868 laudatiorem
787 809 907 868 eandem
923 810 952 867 in
968 825 1049 868 aera·

65 890 103 948 riis
115 890 241 950 metallis
258 899 289 950 et
307 907 472 968 proxumam
488 893 517 950 in
538 891 710 969 argentariis
729 893 791 953 heri
807 901 977 971 conpertum
992 901 1046 952 est.

65 972 194 1034 inuenitur
217 983 248 1034 et
270 975 300 1034 iu
319 975 485 1053 plumbariis
505 975 593 1035 vilior
614 977 699 1036 etiam
713 978 835 1037 auraria.
871 980 900 1036 in
916 977 1048 1037 omnibus

65 1066 142 1116 autem
158 1058 204 1118 his
227 1059 353 1118 metallis
370 1060 401 1119 lit
423 1067 454 1120 et
475 1077 542 1120 cura
565 1059 682 1119 multum
702 1060 776 1120 inira
792 1060 949 1121 naturalem
969 1060 1047 1120 illam

45 1141 172 1202 uiumissis
194 1144 227 1202 in
242 1161 344 1204 renam
367 1145 448 1223 aquis
468 1144 574 1204 leuiter
595 1143 690 1204 hieme
708 1153 770 1204 tcta
784 1161 877 1225 usque
893 1147 922 1203 in
939 1145 1048 1204 lunium

65 1243 188 1304 mensem,
197 1227 268 1287 dein
280 1229 398 1288 siccatis
409 1227 491 1287 Iunio
505 1237 535 1288 ct
546 1227 631 1303 Iulio,
641 1236 672 1287 ut
680 1228 767 1306 plane
779 1228 966 1306 intellegatur
978 1227 1049 1288 nihil

65 1308 124 1370 alind
139 1310 329 1388 chrysocolla
352 1330 435 1390 quam
457 1329 531 1372 vena
547 1313 651 1391 putris.
683 1314 778 1373 nativa
796 1312 899 1372 duritia
914 1329 1045 1373 maxume
1056 1323 1090 1380 8¹!

65 1393 151 1471 distat,
173 1413 259 1455 uvam
277 1405 392 1456 vocant.
428 1404 567 1456 ettamen
585 1395 767 1475 illaquoque
786 1395 877 1456 herba
901 1413 985 1473 quam
1007 1395 1049 1456 lu·

65 1485 108 1537 bu
127 1479 279 1558 appellant
301 1481 451 1557 tinguitur.
494 1488 594 1540 natura
617 1487 664 1540 est
686 1497 760 1558 quae
784 1480 843 1539 lino
871 1479 992 1538 lanaeve
1014 1481 1050 1540 ud

45 1575 146 1622 rasurum
162 1564 333 1624 bibendum.
367 1565 494 1624 tunditur
508 1566 537 1623 in
560 1563 637 1642 pila,
661 1563 728 1624 dein
746 1565 826 1625 tenui
842 1564 941 1624 cribro
958 1566 1051 1624 cerni·

65 1652 113 1722 tur,
133 1657 242 1726 postea
257 1648 375 1708 molitur
396 1665 428 1708 ac
448 1648 551 1709 deinde
576 1649 691 1707 tenuius
722 1648 875 1708 cribratur.
912 1647 1049 1726 quidquid

64 1747 108 1790 nou
128 1741 289 1792 transmeat
312 1733 455 1810 repetitur
476 1734 506 1790 iu
522 1731 597 1810 pila,
617 1730 684 1792 dein
699 1732 825 1792 molitur.
860 1731 956 1811 pulvis
974 1743 1093 1799 sem-88

64 1829 105 1890 per
117 1817 145 1875 in
160 1818 277 1877 catinos
298 1815 441 1894 digeritur
461 1825 543 1876 etex
559 1825 642 1876 aceto
661 1825 823 1877 maceratur
843 1824 873 1876 ut
893 1817 983 1875 omnis
1000 1816 1050 1876 du·

64 1899 115 1958 ritia
125 1901 270 1977 solvatur,
286 1918 319 1960 ac
333 1918 432 1960 rursus
448 1899 591 1978 tunditur,
609 1899 676 1960 dein
691 1899 801 1960 lavatur
816 1899 946 1977 conchis,
961 1901 1050 1960 sicca·

45 1988 113 2060 cur,
133 1993 202 2044 tunc
221 1986 363 2061 tinguitur
379 1984 502 2044 alumine
517 1983 627 2045 schisto
645 1993 674 2045 et
687 1983 778 2045 herba
793 2002 879 2062 supra
895 1984 970 2044 dicta
988 1986 1050 2062 piu·

65 2068 184 2148 giturque
208 2077 361 2147 autequam
384 2069 493 2146 pingat.
543 2069 636 2128 refert
660 2086 743 2146 quam
769 2067 867 2128 bibula
888 2067 1050 2146 docilisque

65 2150 101 2211 eit.
134 2171 201 2212 uam
228 2153 285 2212 nisi
308 2154 402 2230 rapuit
423 2152 569 2229 colorem,
591 2152 730 2212 adduntur
749 2160 779 2212 et
797 2159 945 2228 scytanum
963 2160 1050 2230 atque

64 2234 218 2296 tmhistum.
248 2238 289 2296 ita
305 2244 409 2296 vocant
425 2236 632 2297 medicamenta
646 2237 770 2297 sorbere
787 2238 931 2313 cogentia.

114 2319 198 2400 (27.)
232 2317 302 2380 (ium
329 2321 444 2381 tinxere
470 2322 618 2399 pictores,
645 2320 773 2380 orobitin
795 2327 900 2379 vocant
922 2320 1044 2398 eiusque
1056 2330 1091 2385 89

44 2401 110 2462 uduo
129 2423 246 2482 genera
265 2404 390 2482 faciunt,
413 2404 518 2464 elutam
542 2420 616 2482 quae
639 2412 773 2464 servatur
792 2404 822 2462 in
844 2403 1000 2462 lomentum
1021 2413 1051 2463 et
1088 2449 1091 2456 .

63 2483 185 2565 liquidam
200 2488 331 2567 globulis
350 2489 456 2549 sudore
473 2488 621 2549 resolutis.
659 2487 731 2548 hacc
752 2495 874 2566 utraque
896 2504 1006 2564 genera
1021 2489 1050 2546 in

65 2567 149 2650 Cypro
165 2574 248 2635 hunt.
276 2572 469 2632 laudatissima
485 2581 580 2632 autem
600 2581 644 2632 est
659 2574 688 2632 iu
706 2571 860 2648 Armenia,
881 2570 1006 2631 secunda
1021 2573 1050 2631 in

64 2651 242 2735 llacedonia,
264 2657 426 2734 largissima
446 2659 477 2717 iu
496 2655 643 2734 Hispania.
678 2674 784 2716 summa
805 2665 851 2716 est
872 2655 1050 2716 commenda·
1076 2664 1078 2668 ’

66 2739 139 2800 tionis
153 2750 185 2802 ut
207 2741 338 2802 colorem
351 2742 381 2801 iu
396 2741 488 2802 herba
509 2742 620 2818 segetis
636 2741 712 2801 laete
730 2742 851 2801 virentis
868 2759 950 2818 quam
965 2739 1051 2800 simil-

44 2819 121 2885 cline
134 2826 246 2889 reddat.
276 2827 425 2903 visumque
445 2826 500 2884 iam
515 2833 561 2884 est
576 2823 701 2885 Neronis
717 2827 855 2904 principis
873 2823 1046 2902 spectaculis
1059 2833 1094 2888 9ο

66 2903 189 2970 harenam
212 2911 282 2970 circi
302 2907 486 2986 chrysocolla
501 2910 611 2986 sterni,
628 2927 690 2968 cum
706 2910 770 2986 ipse
788 2908 937 2969 concolori
956 2925 1050 2986 panno

67 2994 237 3070 aurigaturus
259 3001 350 3054 esset.
387 2993 502 3053 indocta
525 2993 658 3070 opificum
674 2993 758 3053 turba
775 2993 867 3052 tribus
881 3010 944 3052 eam
960 3009 1051 3068 gene·

67 3073 134 3136 ribus
150 3077 319 3154 distinguit:
341 3095 473 3156 asperam
490 3095 564 3155 quae
579 3085 693 3136 taxatur
710 3077 740 3134 in
759 3075 849 3135 libras
867 3075 894 3136 X
909 3089 975 3153 vn,
993 3093 1052 3136 mc·

69 3155 131 3220 diam
151 3179 225 3241 quae
247 3160 276 3221 X
298 3175 336 3238 v,
362 3162 504 3238 attritam,
526 3178 609 3239 quarn
633 3170 663 3221 et
684 3158 856 3220 herbaceam
880 3168 1000 3237 vocant,
1025 3157 1053 3218 X

21 3251 111 3306 bill.
146 3246 295 3307 sublinunt
319 3255 414 3306 autem
437 3245 608 3306 harenosum
629 3245 794 3323 priusquam
820 3242 954 3304 inducant
979 3250 1053 3303 atra-

21 3327 22 3346 ³
69 3338 155 3390 uento
170 3339 201 3391 et
215 3331 396 3410 paraetonio.
425 3329 498 3390 haec
514 3337 580 3390 sunt
595 3329 706 3388 tenacia
721 3328 802 3404 eius,
817 3327 919 3388 colore
935 3325 1048 3386 blanda.
1060 3335 1093 3390 91

70 3416 273 3493 paraetonium,
298 3416 432 3494 quoniam
453 3422 499 3475 est
520 3421 621 3474 natura
641 3413 859 3491 pinguissimum
882 3421 911 3471 et
929 3417 1053 3489 propter

70 3491 191 3559 levorem
206 3500 433 3577 tenacissimum,
453 3504 612 3561 atramento
629 3496 831 3574 adspergitur,
849 3514 893 3638 pp
902 3489 1053 3572 paraetoni
