2468 3896
130 219 169 283 38
476 231 504 280 o.
520 233 616 280 rnrur
633 232 783 282 securum

127 389 171 449 ria
188 388 301 464 caesis,
323 388 397 448 sicut
418 387 482 448 aliis
508 396 538 448 et
559 386 590 446 P.
610 387 709 466 lunio,
733 387 775 449 Ti.
800 384 1000 464 Coruncanio,
1022 389 1069 466 qui
1092 389 1131 449 ab

129 470 221 532 Teuta
241 470 407 548 lllyriorum
432 473 534 548 regina
557 472 704 534 interfecti
726 480 816 534 erant.
861 489 920 532 non
941 472 1132 534 omittendum

128 556 244 617 videtur
266 555 343 634 quod
365 556 484 616 annales
508 555 687 618 adnotavere
710 556 893 636 tripedaneas
912 557 947 616 iis
969 564 1078 617 statuas
1100 559 1132 616 in

127 642 193 701 loro
219 647 351 700 statutas.
387 638 461 700 haec
480 639 620 702 videlicet
647 659 780 702 mensura
802 641 943 702 honorata
965 649 1032 703 tunc
1055 648 1129 702 erat.

127 742 185 784 non
201 724 372 803 praeteribo
389 732 418 784 et
436 720 488 786 Cn.
506 722 655 786 Octavium
671 726 709 786 ob
724 744 808 785 unum
824 724 852 784 S.
869 720 900 785 C.
919 724 1047 786 verbum.
1082 724 1159 790 hice

127 826 228 888 regern
252 807 426 869 Antiochum
455 808 585 869 daturum
614 829 647 870 se
676 827 850 890 responsum
875 809 1019 870 dicentem
1047 811 1131 887 virga

127 910 211 971 qnam
225 892 345 954 tenebat
358 893 437 953 iorte
451 894 677 972 circumscripsit
687 895 826 974 priusque
839 909 921 973 quam
934 892 1130 972 egrederetur

128 975 238 1037 circulo
254 976 306 1036 illo
322 993 497 1055 responsum
517 977 587 1038 dare
609 980 717 1056 coegit.
760 980 789 1039 in
803 995 857 1058 qua
873 977 1022 1056 legatione
1040 978 1129 1037 inter·

127 1061 208 1121 lecto
234 1068 352 1122 senatus
375 1069 497 1121 statuam
518 1063 587 1140 poni
618 1063 702 1122 iussit
732 1079 836 1141 qnam
868 1061 1128 1122 oculatissimo

84 1145 234 1222 toloco,
250 1163 344 1224 eaque
360 1154 405 1206 est
421 1147 451 1205 in
467 1147 582 1206 rostris.
615 1147 762 1208 invenitur
783 1155 877 1207 statua
894 1146 1013 1208 decreta
1030 1153 1059 1206 et
1075 1144 1173 1213 Τιι-ιο

128 1231 224 1290 reciae
243 1226 331 1290 Gaiae
354 1231 418 1290 sive
433 1228 567 1290 Fufetiae
583 1230 689 1310 virgini
706 1229 840 1308 Vestali,
861 1238 898 1289 ut
921 1238 1129 1310 poneretur

127 1315 189 1375 ubi
207 1313 343 1392 vellet,
367 1312 445 1393 quod
460 1314 602 1375 adiectum
624 1333 682 1375 non
697 1316 788 1376 minus
807 1315 927 1374 honoris
942 1314 1030 1375 habet
1045 1331 1130 1392 quam

127 1399 251 1460 feminae
283 1416 351 1460 csse
379 1398 537 1460 decretam.
578 1400 712 1461 meritum
734 1402 796 1459 eius
819 1400 891 1478 ipsis
917 1416 1021 1477 ponam
1044 1415 1128 1458 anna·

127 1484 196 1544 lium
221 1483 336 1544 verbis:
369 1482 463 1563 quod
486 1501 644 1565 campum
662 1482 881 1544 Tiberinum
904 1483 1129 1560 gratiiioata

128 1568 459 1648 esseteapopulo.
1138 1589 1170 1632 rc

85 1664 119 1720 26
197 1652 279 1733 (12.)
301 1650 423 1712 lnvenio
450 1661 480 1712 et
501 1651 688 1730 Pythagorae
718 1660 748 1713 ct
774 1650 918 1713 Alcibiadi
938 1652 968 1710 in
990 1651 1128 1712 cornibus

128 1737 226 1798 comiti
247 1737 376 1814 positas,
401 1755 464 1796 oum
486 1735 566 1796 bello
582 1735 701 1796 Samniti
718 1735 827 1815 Apollo
850 1734 969 1812 Pythius
992 1736 1129 1796 iussisset

127 1821 289 1883 fortissimo
304 1818 408 1880 Graiae
423 1821 521 1898 gentis
538 1829 568 1881 et
581 1820 666 1880 alteri
683 1821 898 1900 sapientissimo
911 1819 1062 1882 simulacra
1078 1839 1128 1881 ce·

128 1906 204 1967 lebri
223 1904 290 1965 loeo
312 1903 410 1964 dicari.
451 1922 504 1965 eae
527 1912 639 1966 stetere
662 1905 757 1967 donec
772 1904 852 1965 Sulla
874 1905 998 1966 dictator
1016 1904 1056 1965 ibi
1080 1922 1129 1966 cu-

127 1992 199 2050 riam
217 1991 339 2050 iaceret.
379 1991 538 2068 mirumque
563 1998 609 2050 est
626 1989 694 2050 illos
712 1998 812 2069 patres
828 1988 940 2050 Socrati
963 1990 1073 2050 cunetis
1090 1989 1167 2055 abso

129 2075 234 2137 eodem
257 2073 313 2134 deo
338 2075 480 2153 sapientia
509 2074 641 2152 praelato
662 2074 848 2162 Pythagoran
877 2073 1052 2152 praetulisse
1079 2083 1128 2134 aut

106 2167 172 2223 tot
195 2159 259 2219 aliis
281 2159 388 2220 virtute
410 2158 583 2219 Alcibiaden
614 2167 645 2220 et
672 2176 842 2238 quemquam
865 2167 990 2238 utroque
1013 2156 1128 2218 Themi-

84 2255 118 2312 27
132 2244 226 2304 stocli.
253 2240 453 2303 Columnarum
469 2245 543 2304 ratio
559 2252 621 2305 erat
638 2243 732 2304 attolli
748 2261 837 2321 snper
853 2251 970 2304 ceteros
983 2242 1127 2319 mortalis,

121 2327 205 2408 quod
221 2336 250 2388 et
265 2346 349 2387 arcus
366 2328 528 2405 significant
543 2329 660 2390 novicio
678 2330 807 2389 invento.
840 2327 947 2405 primus
963 2334 1058 2388 tamen
1076 2326 1128 2386 ho

127 2431 180 2474 nos
199 2415 297 2492 coepit
313 2430 329 2471 a
347 2410 466 2472 Graccis
473 2413 627 2493 ,nullique
643 2413 770 2474 arbitror
784 2411 875 2491 pluris
891 2417 999 2472 statuas
1017 2411 1166 2472 dicatases

128 2517 211 2578 quam
225 2497 369 2558 Phalereo
381 2495 533 2558 Demetrio
549 2496 685 2575 Athenis,
702 2497 844 2576 siquidem
857 2492 982 2558 CCCLX
997 2503 1127 2556 statuere

128 2582 252 2642 nondum
273 2600 347 2641 anno
370 2580 446 2641 hunc
467 2599 615 2642 numerum
635 2580 746 2642 dierum
766 2581 947 2659 excedente,
972 2598 1042 2680 quas
1058 2598 1128 2640 mox

128 2667 307 2727 laceravere.
346 2673 508 2724 statuerunt
537 2674 568 2726 et
588 2664 732 2726 Romae
724 2683 753 2726 ιιι
777 2666 908 2726 omnibus
932 2665 1005 2728 vicis
1032 2665 1126 2725 tribus

86 2749 269 2814 rr‚nrltlario
297 2748 482 2825 Gratidiano,
512 2758 543 2809 ut
572 2750 711 2828 diximus,
744 2749 919 2828 easdemque
950 2749 1126 2811 subvertere

127 2836 225 2896 Sullae
241 2835 369 2895 introitu
1136 2847 1164 2891 so

84 2933 119 2987 ιδ
194 2919 275 3002 (13.)
296 2916 455 2979 Pedestres
478 2920 542 2990 sine
564 2919 651 2980 dubio
667 2918 778 2979 Romae
795 2918 908 2979 luere
900 2936 930 2977 ιιι
952 2919 1125 2979 auctoritate

127 3006 219 3084 longo
242 3014 391 3084 tempore,
414 3013 445 3064 ct
467 3004 645 3082 equestrium
665 3011 761 3065 tamen
786 3004 871 3080 origo
886 3020 1025 3081 perquam
1040 3010 1126 3063 vetus

128 3101 174 3150 est
196 3107 259 3150 cum
280 3088 394 3148 leminis
418 3089 505 3148 etiam
520 3086 633 3148 honore
656 3089 865 3149 communicato
881 3083 1013 3148 Cloeliae
1032 3095 1126 3147 statua

129 3174 275 3254 equestri,
292 3190 346 3232 ceu
360 3189 459 3250 parum
476 3180 557 3232 esset
570 3179 639 3250 toga
655 3190 717 3234 eam
732 3174 827 3250 cingi,
845 3189 907 3232 cum
922 3170 1076 3232 Lucretiae
1093 3188 1126 3232 ao

126 3259 234 3334 Bruto,
258 3258 305 3334 qui
328 3255 501 3335 expulerant
518 3275 608 3334 reges
624 3265 747 3335 propter
763 3267 838 3338 quos
854 3253 967 3318 Cloelia
977 3258 1057 3316 inter
1074 3255 1127 3316 ob·
1136 3273 1163 3317 es

85 3340 209 3409 besides
223 3341 335 3418 iuerat
350 3357 409 3401 non
425 3340 665 3403 decernerentur
697 3341 770 3402 hanc
787 3342 905 3420 primam
922 3359 985 3401 cum
1004 3337 1125 3400 Coclitis

127 3425 244 3527 publice
265 3424 387 3485 dicatam
408 3425 601 3500 crediderim,
625 3459 661 3473 -
685 3425 756 3487 Atto
773 3427 849 3487 enim
865 3443 899 3486 ac
913 3423 1041 3501 Sibyllae
1056 3423 1127 3484 'lar-

130 3512 256 3590 quinium
272 3527 305 3569 ao
323 3528 411 3588 reges
429 3511 514 3570 sibi'
506 3528 588 3590 rpsos
604 3511 741 3589 posuisse
757 3510 916 3572 verisimile
933 3517 997 3589 cst,
1012 3545 1052 3554 -
1068 3509 1126 3568 nisi
