2510 3898
325 203 512 253 1111111.
530 205 636 254 xxxv.
655 203 776 258 13-15.
794 191 945 274 (at-so.)
1077 203 1119 267 99

102 368 187 421 teres
203 359 253 438 qui
276 359 376 420 siccati
398 376 457 418 nou
479 367 649 438 merguntur
662 363 693 421 in
707 378 789 440 aqua.
820 369 887 422 sunt
907 364 984 424 enim
999 383 1016 424 e
1033 371 1112 424 terra

102 447 272 525 pumicosa,
298 461 362 504 cum
385 443 484 522 subigi
502 452 619 523 potest,
643 445 804 506 utilissima.
836 444 940 507 Graeci
964 457 1155 528 praeter-17²

103 546 190 609 quam
206 528 257 588 ubi
278 547 296 589 e
319 527 403 589 silice
419 528 482 590 deri
500 537 618 608 poterat
632 538 795 608 structura,
818 529 967 592 latericios
983 533 1112 611 parietes

104 611 289 694 praetulere.
333 622 400 674 suut
420 613 496 674 euim
515 614 646 692 aeterni,
668 617 693 674 si
716 613 752 674 ad
773 615 1012 695 perpendiculum
1034 618 1111 677 fiant.

81 698 174 768 ,ideo
191 706 224 758 et
238 697 356 777 publica
371 715 463 777 opera
484 706 514 758 et
533 698 631 776 regias
650 698 752 759 domos
770 701 813 760 sle
829 708 982 780 struxere,
1004 718 1114 761 murum

105 783 232 844 Athenis
251 783 300 861 qui
315 782 350 844 ad
362 790 488 843 montem
499 781 664 860 Hymettum
679 791 810 864 spectat,
826 783 921 846 Patris
940 785 1022 846 aedis
1033 783 1113 845 lovis

105 877 135 929 et
150 866 304 947 Herculis,
321 868 449 947 quamvis
469 867 599 947 lapideas
615 868 762 931 columnas
785 878 816 930 et
837 870 973 949 epistylia
993 871 1112 930 circum-

105 953 220 1030 darent,
239 951 353 1017 damum
360 951 505 1014 Trallibus
521 952 741 1034 regiamAttali,
757 956 828 1015 item
839 954 978 1016 Sardibus
992 951 1109 1031 Croesi,

105 1055 191 1118 quarn
204 1039 343 1116 gerusian
361 1039 478 1115 iecere,
495 1036 673 1099 Halibarnasi
687 1037 828 1118 Mausoli,
844 1058 919 1119 quae
937 1041 1112 1101 etiamnunc

72 1147 97 1187 ro
105 1123 219 1183 durant.
254 1120 473 1184 Lacedaemone
495 1121 611 1202 quidem
625 1123 765 1184 latericiis
781 1125 943 1204 parietibus
960 1125 1089 1186 excisum
1101 1133 1153 1188 173

107 1224 182 1287 opus
205 1208 360 1268 tectorium
374 1216 498 1287 propter
515 1207 718 1270 excellentiam
735 1210 864 1287 picturae
883 1209 990 1288 ligneis
1010 1208 1111 1269 formis

106 1291 375 1353 inclusumRomam
390 1291 586 1373 deportavere
601 1294 631 1353 in
646 1293 795 1355 aedilitate
812 1293 847 1354 ad
863 1295 1009 1354 comitium
1025 1309 1111 1353 exor-

106 1376 230 1437 nandum
250 1375 371 1438 Murena
390 1385 420 1439 et
441 1376 547 1439 Varro.
596 1397 659 1439 cum
682 1395 755 1457 opus
772 1396 827 1456 per
844 1397 878 1438 se
897 1380 998 1437 mirum
1020 1385 1114 1453 esset,

107 1461 241 1523 tralatum
257 1469 352 1522 tamen
365 1463 456 1540 magis
472 1462 655 1524 mirabantur.
695 1465 724 1522 in
738 1461 822 1522 ltalia
833 1479 950 1540 quoque
965 1461 1114 1522 latericius

74 1565 204 1610 ismarus
221 1545 324 1607 Arreti
342 1555 372 1607 et
389 1545 541 1608 blevauiae
557 1556 613 1608 est.
646 1545 758 1608 Rome
774 1564 832 1607 non
850 1547 920 1606 liunt
936 1546 1003 1607 talia
1018 1543 1115 1605 aedili·

107 1633 169 1708 cia,
186 1632 252 1709 quia
270 1631 484 1711 sesquipedalis
497 1633 595 1710 paries
611 1649 670 1692 nou
685 1631 750 1710 plus
767 1649 850 1711 quam
866 1649 949 1691 unam
965 1631 1114 1707 contigna-

107 1717 218 1776 tionem
234 1716 354 1794 tolerat,
366 1724 538 1795 cautumque
553 1725 600 1776 est
617 1735 654 1777 ne
669 1717 826 1777 communis
838 1717 967 1778 crassior
982 1715 1042 1792 liat,
1060 1731 1115 1773 nec

107 1801 355 1880 intergerivorum
369 1803 444 1861 ratio
460 1802 576 1880 patitur.
960 1863 965 1873 ,

175 1885 223 1947 15.
240 1885 324 1964 (50.)
341 1883 420 1946 llaec
436 1886 495 1946 sint
509 1886 586 1946 dicta
602 1885 638 1946 de
654 1885 804 1947 lateribus.
836 1884 870 1945 ln
884 1893 981 1947 terrae
999 1893 1093 1946 autem
1108 1891 1158 1947 174

75 1989 100 2030 ro
108 1971 231 2050 reliquis
247 1969 406 2048 generibus
422 1969 471 2032 vel
485 1988 617 2032 maxume
632 1971 703 2031 mira
716 1979 817 2032 natura
833 1978 879 2030 est
894 1969 1038 2048 sulpuris,
1055 1985 1113 2048 quo

108 2055 239 2136 pluruma
255 2055 415 2116 domantur.
453 2057 580 2116 nascitur
597 2057 626 2116 in
641 2055 743 2116 insulis
759 2054 874 2116 Aeoliis
896 2055 973 2114 inter
988 2053 1115 2114 Siciliam

109 2149 139 2202 et
153 2139 265 2201 ltaliam
281 2158 351 2218 quas
367 2141 471 2202 ardere
486 2140 626 2218 diximus,
642 2140 694 2201 sed
709 2139 920 2201 nobilissimum
935 2140 964 2200 in
977 2136 1057 2199 lllelo
1070 2160 1087 2199 a,
1101 2157 1157 2200 arur.

108 2226 212 2287 insula.
243 2225 276 2286 ln
291 2225 373 2286 ltalia
387 2243 503 2304 quoque
518 2226 682 2302 invenitur,
700 2227 729 2285 in
744 2223 940 2304 Neapolitano
957 2220 1116 2301 Campano·

109 2330 167 2391 que
187 2328 279 2390 agro,
301 2309 426 2372 collibus
447 2311 495 2390 qui
511 2319 653 2370 vocantur
668 2308 842 2386 Leucogaei.
878 2307 919 2368 ibi
940 2327 957 2367 e
975 2305 1115 2367 cuniculis

76 2395 251 2460 ceffossum
268 2395 416 2473 perficitur
440 2395 509 2474 igni.
555 2392 670 2454 Genera
693 2401 844 2472 quattuor:
872 2393 989 2468 vivom,
1019 2388 1159 2470 quodlib

111 2481 216 2542 Graeci
231 2498 344 2560 apyron
358 2488 482 2556 vocant,
497 2481 625 2540 nascitur
642 2476 781 2554 solidum,
795 2474 853 2536 boc
867 2483 913 2536 est
925 2474 1038 2553 glaeba.
1070 2488 1116 2532 so-

109 2566 167 2626 lum
184 2600 228 2611 -
244 2573 344 2626 cetera
365 2565 441 2624 enim
455 2564 571 2644 liquore
586 2570 721 2624 constant
736 2570 767 2622 et
782 2560 974 2622 conficiuntur
990 2558 1059 2620 oleo
1075 2557 1117 2616 in·

65 2714 79 2729 ,
110 2659 196 2713 cocta
227 2685 265 2696 —
296 2651 393 2710 vivom
420 2647 556 2710 effoditur
584 2648 764 2726 tralucetque
799 2654 829 2707 et
854 2646 947 2723 viret,
978 2643 1044 2705 solo
1080 2659 1118 2702 ex

111 2737 246 2798 omuibus
260 2735 420 2813 generibus
438 2733 542 2796 medici
557 2741 681 2794 utuntur.
712 2731 835 2794 alterum
856 2747 950 2809 genus
970 2727 1118 2808 appellant

78 2821 263 2901 aglaebm,
288 2819 429 2881 fullonum
447 2827 556 2880 tantum
571 2819 695 2880 cilicinis
711 2816 861 2879 familiare.
895 2815 984 2874 tertio
1000 2829 1117 2891 quoque

111 2907 217 2986 generi
232 2923 306 2966 uuus
327 2913 435 2966 tantum
462 2912 508 2966 est
531 2921 599 2964 usus
621 2903 656 2964 ad
676 2903 755 2964 lanas
777 2899 951 2976 suffiendas,
984 2897 1118 2976 quoniam

113 2992 270 3054 candorem
284 2998 392 3051 tantum
406 2989 614 3068 mollitiamque
631 2989 801 3050 confert-
818 2984 905 3064 egula
925 2989 1047 3043 vocatur
1062 2978 1119 3040 hoc

112 3097 207 3156 genus
221 3111 281 3154 -,
311 3083 415 3156 quarto
438 3082 533 3136 autem
555 3072 590 3133 ad
610 3072 753 3150 ellychnia
774 3087 905 3131 maxume
929 3063 1117 3128 conficienda.

113 3171 217 3224 cetero
233 3169 312 3222 tanta
334 3161 378 3222 vis
399 3169 445 3222 est
459 3169 490 3220 ut
506 3158 625 3219 morbos
638 3157 791 3219 comitialis
804 3152 1002 3234 deprehendat
1015 3150 1119 3211 nidore

82 3248 272 3329 asinpositum
287 3247 356 3326 igni.
397 3245 466 3307 lusit
484 3252 514 3306 et
529 3242 687 3304 Anaxilaus
704 3259 741 3303 eo
757 3239 865 3302 addens
881 3239 911 3298 in
927 3236 1046 3299 calicem
1060 3233 1120 3294 vini

114 3351 266 3414 prunaque
282 3331 397 3393 subdita
412 3329 620 3391 circumferens
635 3324 853 3389 exardescentis
864 3338 1044 3404 repercussu
1058 3317 1118 3398 pal·

115 3417 209 3480 lorem
221 3417 315 3480 dirum
326 3415 408 3477 velut
419 3415 620 3480 defunctorum
631 3412 825 3474 effundentem
836 3408 976 3470 connais.
995 3403 1163 3464 Naturalid

117 3505 180 3566 eius
198 3501 370 3581 excalfacit,
393 3500 566 3578 concoquit,
588 3499 641 3560 sed
662 3507 692 3560 et
708 3495 825 3556 discutit
846 3492 1040 3638 collchiones
1057 3500 1120 3543 cor·

904 3615 918 3644 0
