2510 3898
377 237 457 283 uns.
480 235 571 284 arar.
594 236 701 283 xxxv.
726 235 766 286 ιο.
790 222 861 303 (36.)
1081 220 1120 285 83

116 393 192 474 quod
205 401 237 454 et
251 395 344 472 ipsum
360 395 390 453 in
404 392 592 473 proverbium
609 393 687 454 abiit.
725 393 779 454 luit
792 393 867 452 enim
884 400 913 452 et
930 392 1050 453 comitas
1066 391 1119 470 illi,

16 478 21 489 '
115 487 339 558 propterquam
357 478 470 556 gratior
487 477 657 539 Alexandro
672 477 779 556 Magno
795 477 968 555 frequenter
985 479 1014 538 in
1030 477 1120 538 oflici-

13 608 19 637 ,
115 581 178 624 uam
193 565 362 640 ventitanti,
378 579 452 640 nam,
468 571 499 621 ut
515 563 648 639 diximus,
664 563 701 624 ab
718 562 776 624 alio
793 581 826 622 se
843 563 922 640 pingi
939 570 1073 622 vetuerat
1097 583 1116 623 r,
1129 584 1162 618 m

16 644 20 653 '
116 647 233 724 edicto,
252 647 305 708 sed
322 649 352 708 in
369 647 483 708 cilicina
495 648 622 727 inperite
639 647 727 709 multa
742 647 900 708 disserenti
916 646 1060 706 silentium
1073 664 1121 707 co·

15 784 17 795 .
95 733 200 792 smiter
223 732 364 793 suadebat
383 731 471 792 rideri
489 750 554 792 eum
569 732 669 793 dicens
688 751 704 793 a
721 733 821 812 pueris
844 732 892 810 qui
908 729 1026 792 colores
1043 739 1121 793 tere-

114 826 187 878 rent.
224 825 334 894 tantum
349 824 412 878 erat
427 818 593 877 auctoritati
614 819 686 877 iuris
710 819 741 878 in
760 834 862 893 regem
882 816 990 895 alioqui
1009 817 1163 882 uacua-86

114 902 186 962 dum.
219 919 388 980 quamquam
403 900 573 962 Alexander
589 901 732 963 honorem
750 903 778 961 ei
794 901 956 962 clarissimo
972 900 1120 980 perhibuit

16 998 20 1007 ·
116 987 272 1066 exemplo,
288 1003 409 1065 namque
421 1004 485 1046 eum
499 985 635 1048 dilectam
647 987 702 1047 sibi
715 1005 732 1048 e
747 985 867 1064 pallacis
879 987 939 1046 suis
950 988 1120 1065 praecipue,

16 1068 21 1107 ²
115 1072 233 1132 nomine
248 1069 435 1149 Pancaspen,
450 1069 553 1132 nudam
569 1073 651 1150 pingi
668 1071 706 1132 ob
722 1070 940 1131 admirationem
955 1071 1066 1132 iormae
1083 1071 1119 1132 ab

8 1158 18 1231 j
87 1154 223 1235 mApelle
242 1156 381 1216 iussisset
397 1172 539 1233 eumque,
560 1155 625 1216 dum
641 1165 743 1235 paret,
761 1164 876 1234 captum
891 1173 990 1216 amore
1009 1157 1119 1217 sensis-

115 1249 175 1318 set,
205 1240 284 1300 dono
301 1239 381 1300 dedit
403 1240 430 1300 ei
451 1257 570 1318 magnus
588 1242 701 1318 animo,
726 1241 817 1300 maior
838 1241 960 1318 imperio
979 1241 1038 1318 sui,
1066 1259 1121 1302 uec

114 1327 207 1385 minor
223 1324 280 1385 hoc
295 1324 373 1384 iacto
389 1341 473 1402 quam
490 1325 613 1386 victoria
629 1324 731 1404 aliqua.
762 1327 827 1404 ipse
847 1344 880 1385 se
898 1326 984 1402 vicit,
1004 1345 1059 1386 uec
1073 1335 1116 1387 to·
1128 1336 1162 1392 fit

114 1428 174 1469 rum
194 1418 305 1470 tantum
333 1427 414 1469 suum
434 1407 487 1469 sed
514 1410 600 1470 etiam
618 1410 762 1471 adiectum
788 1409 906 1470 donavit
932 1410 1052 1487 artifici,
1083 1430 1120 1472 ue

115 1494 241 1556 dilectae
259 1493 374 1573 quidem
391 1503 531 1572 respectu
544 1503 657 1572 motus,
676 1513 739 1555 cum
753 1494 840 1555 modo
855 1495 936 1571 regis
953 1494 1120 1572 caluisset,

8 1583 10 1590 ’
88 1579 199 1640 remodo
212 1580 337 1658 pictoris
353 1586 445 1640 esset.
479 1587 545 1638 sunt
560 1581 608 1657 qni
621 1578 770 1641 Venerem
785 1579 1002 1655 anadyomenen
1020 1579 1055 1640 ab
1067 1578 1120 1640 illo

116 1666 221 1744 pictam
233 1663 393 1742 exemplari
407 1671 517 1742 putent.
540 1663 603 1743 [13]
621 1664 745 1743 Apelles
758 1672 788 1724 et
800 1665 829 1723 in
842 1662 962 1724 aemulis
974 1663 1119 1743 benignus

115 1747 278 1828 Protogeni
304 1747 501 1826 dignationem
522 1749 631 1829 primus
654 1748 749 1810 Rhodi
776 1749 934 1810 constituit.
978 1750 1164 1816 sordebatas

117 1835 174 1894 suis
196 1844 229 1894 ut
247 1833 418 1912 plerumque
437 1832 614 1910 domestica,
633 1835 875 1913 percontantique
895 1835 994 1913 quanti
1015 1835 1120 1896 liceret

116 1936 207 1997 opera
229 1917 336 1978 edecta
353 1934 474 1997 parvom
491 1919 593 1979 nescio
613 1918 681 1997 quid
705 1919 835 1995 dixerat,
862 1927 891 1979 at
911 1918 963 1979 ille
982 1923 1120 1998 quinqua·

85 2005 199 2082 mgenis
217 2002 336 2064 talentis
358 2003 495 2082 poposcit
514 2003 675 2082 iamamque
691 2003 832 2082 dispersit
848 2022 882 2064 se
901 2013 1047 2065 emerent
1065 2022 1118 2084 pro

116 2090 174 2150 suis
196 2087 348 2149 venderet,
389 2104 424 2147 ea
446 2106 495 2148 res
511 2089 669 2148 concitavit
685 2087 817 2149 Rhodios
836 2087 871 2148 ad
891 2088 1120 2167 intellegendum

115 2173 275 2250 artificem,
291 2189 346 2234 uec
361 2173 416 2232 nisi
432 2172 605 2251 augentibus
622 2173 746 2252 pretium
762 2174 861 2235 cessit.
892 2174 957 2253 llll
974 2173 1119 2252 Imagines

115 2257 189 2319 adeo
200 2257 395 2318 similitudinis
406 2255 584 2319 indiscretae
600 2259 693 2336 pinxit
705 2267 736 2318 ut
748 2291 790 2302 -
802 2257 975 2318 incredibile
989 2257 1068 2318 dictu
1076 2295 1119 2305 -

115 2344 194 2422 Apio
213 2343 415 2420 grammaticus
432 2343 570 2422 scriptum
585 2343 739 2422 reliquerit
758 2340 899 2421 quendam
915 2361 953 2402 ex
971 2343 1045 2403 facie
1068 2343 1120 2404 ho-

84 2430 221 2488 mminum
232 2427 418 2506 divinantem,
433 2445 507 2506 quos
522 2435 753 2506 metoposcopos
769 2434 892 2504 uocant,
908 2445 946 2487 ex
957 2427 993 2486 iis
1008 2426 1119 2488 dixisse

114 2521 162 2573 aut
177 2513 292 2574 laturae
308 2514 408 2574 mortis
428 2530 518 2572 annos
535 2521 584 2572 aut
601 2513 786 2590 praeteritae.
818 2509 884 2571 Non
900 2511 996 2573 iuerat
1012 2513 1039 2572 ei
1054 2525 1161 2591 gra-89

114 2599 154 2658 tia
180 2600 212 2657 in
237 2599 375 2658 comitatu
399 2596 559 2658 Alexandri
585 2615 648 2658 cnm
677 2595 865 2673 Ptolemaeo,
897 2613 955 2675 quo
976 2607 1119 2676 regnante

114 2681 330 2743 Alexandream
342 2683 370 2742 vi
386 2683 568 2761 tempestatis
582 2681 720 2760 expulsus
736 2681 895 2742 subornato
909 2682 1009 2744 fraude
1024 2700 1119 2744 aemu-

115 2767 211 2828 lorum
232 2767 320 2848 plano
343 2769 427 2846 regio
443 2768 581 2828 invitatus
600 2767 634 2826 ad
657 2783 756 2827 cenam
773 2768 870 2844 venit,
899 2767 1117 2849 indignantique

83 2852 288 2914 aoPtolemaeo
311 2861 341 2912 et
357 2860 514 2912 vocatores
536 2868 606 2912 suos
626 2851 812 2928 ostendenti,
839 2859 869 2910 ut
887 2851 999 2912 diceret
1023 2870 1039 2912 a
1060 2870 1117 2932 quo

117 2956 219 2999 eorum
238 2939 374 2998 invitatus
396 2945 495 3014 esset,
527 2935 649 3016 adrepto
673 2935 800 2996 carbone
818 2938 998 2996 exstinctae
1019 2937 1117 2998 ioculo

116 3024 271 3102 imaginem
283 3023 312 3082 in
325 3023 440 3102 pariete
452 3020 612 3100 deliniavit,
624 3020 822 3099 adgnoscente
835 3019 945 3080 voltum
956 3019 1032 3100 plani
1045 3041 1117 3101 rege

117 3109 282 3170 inolnoatum
297 3109 439 3186 protinus.
484 3105 580 3166 Pinxit
600 3115 630 3167 et
644 3105 785 3184 Antigoni
806 3105 885 3183 regis
906 3106 1059 3184 imaginem
1078 3108 1161 3173 otoo

117 3202 181 3254 tero
200 3193 307 3254 lumine
325 3191 424 3253 orbam
440 3193 548 3272 primm
567 3192 733 3270 excogitata
749 3190 863 3251 ratione
879 3191 948 3252 vitia
962 3191 1116 3269 condendi,

87 3277 265 3358 sobtiqmm
291 3295 413 3358 namque
440 3277 528 3354 iecit,
559 3285 589 3336 ut
614 3274 692 3354 quod
714 3274 816 3336 deerat
837 3277 955 3354 corpori
985 3278 1116 3355 picturae

119 3363 225 3424 deesse
253 3364 351 3442 potius
377 3362 545 3438 videretur,
576 3369 741 3438 tantumque
766 3377 828 3420 eam
851 3369 962 3440 partem
993 3379 1010 3420 e
1040 3361 1115 3420 faeie

120 3447 247 3510 ostendit
266 3465 349 3526 quam
370 3455 460 3508 totam
480 3453 597 3525 poterat
622 3444 789 3506 ostendere.
835 3454 899 3505 sunt
924 3446 1001 3505 inter
1025 3461 1115 3521 opera

119 3535 180 3596 eius
194 3542 224 3594 et
241 3534 447 3612 exspirantium
464 3533 612 3609 imagines.
650 3548 723 3608 quae
739 3537 833 3590 autem
853 3527 1032 3670 nobrgiqsima
1058 3527 1115 3584 sint
