2468 3896
15 2262 21 2307 l

308 163 387 209 nar.
404 161 495 210 mer.
515 163 652 210 xxxnn.
670 161 697 215 6.
714 161 741 214 7.
760 152 910 232 (tu—16.)
1068 142 1109 218 33

96 315 241 382 Cloeliae
256 335 373 398 quoque
388 315 457 378 Piso
473 317 603 381 traderet
618 320 653 381 ab
669 321 705 380 iis
721 322 846 399 positam
858 322 906 398 qui
924 338 978 380 una
990 321 1109 386 obsides

95 404 249 481 fuissent,
265 401 388 463 redditis
406 421 423 462 a
437 401 559 464 Porsina
575 403 762 466 inhonorem
778 407 858 482 eius,
882 423 899 463 θ
915 405 1033 466 diverso
1050 406 1110 468 An·

95 488 168 548 nius
192 487 303 549 fetialis
326 495 511 566 equestrem,
533 506 607 567 quae
631 489 721 550 fuerit
749 499 850 552 contra
877 487 956 550 lovis
983 489 1108 553 Statoris

97 573 206 633 aedem
229 571 428 634 investibulo
451 571 577 652 Superbi
603 573 720 652 domus,
744 573 883 635 Valeriae
901 574 994 636 fuisse
1012 574 1110 636 Publi·

77 657 187 718 scolae
217 657 347 719 consulis
372 656 467 734 filiae,
496 675 616 736 eamque
637 657 729 718 solam
752 659 901 738 refugisse
922 658 1109 739 Tiberimque

97 744 335 804 transnatavisse
364 744 473 803 ceteris
502 742 653 803 obsidibus
683 744 730 822 qui
751 742 894 805 Porsinae
920 744 1110 806 mittebantur

97 827 288 906 interemptis
306 825 442 905 Tarquini
458 826 581 888 insidiis.

166 910 250 996 (14.)
268 910 373 972 tuctus
388 911 458 972 Piso
475 911 604 990 prodidit
619 911 657 973 ll.
675 912 803 973 Aemilio
819 910 851 974 C.
867 913 984 994 Popilio
1001 916 1105 975 iterum
1117 922 1152 977 30

99 1014 177 1056 coss.
199 1015 217 1057 a
238 997 413 1058 censoribus
430 995 463 1058 P.
482 994 621 1058 Cornelio
644 997 783 1077 Scipione
807 996 845 1059 bl.
860 996 977 1078 Popilio
998 1007 1107 1060 statuas

68 1083 177 1141 iocirca
194 1083 293 1143 iorum
306 1099 407 1142 eorum
419 1084 465 1161 qui
481 1083 680 1160 magistratum
693 1092 849 1161 gesserant
867 1083 995 1144 sublatas
1016 1084 1108 1144 omnis

98 1175 224 1246 praeter
237 1184 288 1228 eas
301 1184 376 1246 quae
389 1167 490 1246 populi
503 1175 550 1226 aut
566 1176 684 1227 senatus
696 1170 843 1228 sententia
855 1176 981 1230 statutae
994 1176 1107 1245 essent,

99 1268 163 1311 eam
181 1270 257 1312 vero
274 1269 357 1330 quam
374 1251 449 1330 apud
464 1251 565 1312 aedem
581 1251 707 1312 Telluris
729 1255 881 1313 statuisset
897 1254 952 1314 sibi
972 1253 1024 1333 Sp.
1040 1250 1108 1315 Cas-

98 1338 160 1396 sius
184 1338 234 1416 qui
253 1353 376 1414 regnum
392 1336 590 1397 adfectaverat
611 1338 697 1397 etiam
719 1336 872 1399 conflatam
891 1337 1107 1399 accusoribus

98 1422 235 1480 nimirum
257 1422 287 1480 in
309 1438 344 1480 ea
366 1437 483 1500 quoque
505 1439 538 1481 re
560 1422 746 1482 ambitionem
770 1421 964 1500 providebant
981 1421 1023 1482 illi
1040 1423 1106 1481 viri.

69 1514 221 1566 aserstant
237 1503 358 1565 Catonis
373 1507 403 1565 in
418 1523 542 1566 censura
557 1508 787 1567 vociferationes
803 1506 973 1566 mulieribus
992 1513 1103 1566 statuas
1116 1516 1149 1572 31

98 1589 241 1650 Romanis
263 1593 292 1650 in
307 1592 468 1669 provinciis
484 1592 563 1669 poni.
597 1610 653 1652 nec
674 1600 769 1651 tamen
784 1593 880 1670 potuit
898 1591 1032 1652 inhibere
1048 1608 1106 1669 quo

98 1677 193 1736 minus
208 1674 321 1736 Rornae
339 1693 454 1755 quoque
475 1684 670 1754 ponerentur,
690 1677 774 1737 sicuti
792 1672 948 1738 Corneliae
964 1673 1108 1736 Graccho·

99 1779 161 1820 rum
175 1762 280 1837 matri,
306 1778 380 1839 quae
402 1761 456 1821 fuit
470 1761 598 1821 Africani
616 1762 724 1840 prioris
747 1760 816 1822 lilia.
850 1761 957 1823 sedens
973 1760 1040 1821 huic
1055 1778 1107 1839 po·

100 1847 155 1906 sita
170 1845 325 1927 soleisque
343 1847 406 1906 sine
427 1853 571 1907 ammento
586 1846 710 1924 insignis
731 1847 761 1904 in
774 1843 887 1906 bletelli
908 1845 1024 1925 publica
1041 1863 1107 1924 por·

70 1933 174 2010 adcu,
196 1948 271 2009 quae
288 1937 381 1990 statua
396 1949 471 1990 nuuc
487 1939 534 1991 est
551 1932 580 1991 in
600 1928 738 1991 Octaviae
756 1931 907 2012 operibus.

163 2015 250 2096 (15.)
276 2013 396 2076 Publice
421 2023 517 2076 autem
543 2016 578 2077 ab
608 2017 719 2076 exteris
744 2016 840 2094 posita
863 2024 909 2076 est
930 2014 1042 2076 Romae
1068 2012 1150 2079 (232

100 2101 191 2162 Aelio
206 2100 324 2161 tribuno
342 2098 437 2179 plebis
451 2099 521 2178 lege
541 2100 653 2179 perlata
675 2102 704 2161 iu
719 2099 888 2161 Sthennium
903 2099 1035 2160 Stallium
1052 2099 1107 2160 Lu·

101 2204 202 2247 canum
216 2186 265 2264 qui
282 2183 425 2246 Thurinos
445 2185 490 2245 bis
507 2187 707 2246 infestaverat.
749 2185 787 2251 oh
812 2185 840 2244 id
856 2185 972 2246 Aelium
987 2184 1105 2244 Thurini

16 2312 21 2341 =
103 2279 196 2332 statua
222 2278 253 2330 et
274 2287 384 2330 corona
405 2287 492 2330 aurea
515 2269 664 2331 donarunt.
701 2268 788 2330 iidem
815 2279 920 2348 postea
942 2269 1106 2334 Fabricium

13 2371 14 2420 ἰ
73 2355 251 2417 todonavere
284 2363 377 2415 statua
409 2353 526 2416 liberati
553 2354 725 2431 obsidione,
752 2356 919 2432 passimque
945 2362 1051 2432 gentes
1076 2357 1106 2414 in

103 2440 255 2502 clientelas
273 2442 314 2502 ita
328 2449 485 2519 receptae,
508 2449 538 2500 et
553 2442 626 2501 adeo
644 2440 799 2500 discrimen
816 2457 900 2498 omne
917 2437 1060 2499 sublatum
1075 2447 1106 2496 ut

102 2525 270 2586 Hannibalis
286 2526 372 2585 etiam
385 2533 497 2586 statuae
509 2525 603 2585 tribus
615 2524 688 2585 locis
702 2525 832 2583 visantur
844 2524 872 2583 iu
885 2541 920 2584 ea
935 2523 1008 2583 urbe
1025 2524 1105 2585 ouius

103 2612 175 2671 intra
191 2629 290 2672 muros
307 2609 388 2671 solus
400 2609 525 2671 bostium
540 2610 635 2670 emisit
650 2607 769 2670 hastam.

164 2698 191 2756 7.
211 2695 292 2775 (16.)
308 2693 413 2755 Fuisse
425 2703 520 2756 autem
531 2695 698 2756 statuariam
714 2701 806 2754 artem
817 2694 987 2756 familiarem
1001 2694 1102 2755 ltaliae
1114 2703 1149 2759 33

76 2798 219 2860 aequoque
235 2788 266 2840 et
289 2787 433 2839 vetustam
454 2778 579 2840 indicant
595 2776 737 2839 lleroules
758 2778 794 2839 ab
809 2777 945 2840 Evandro
962 2788 1105 2857 sacratus,

105 2874 134 2924 ut
154 2864 297 2944 produnt,
319 2866 348 2923 in
371 2865 438 2924 foro
460 2863 580 2942 boario,
604 2865 651 2943 qui
673 2862 854 2941 triumphalis
876 2873 998 2924 vocatur
1018 2872 1105 2942 atque

105 2968 156 3028 per
178 2949 340 3028 triumphos
360 2951 485 3011 vestitur
509 2948 609 3010 habitu
632 2947 814 3027 triumphali,
842 2957 999 3027 praeterea
1019 2948 1104 3010 lanus

107 3037 234 3112 geminus
252 3052 268 3094 a
282 3033 374 3094 Numa
390 3053 464 3112 rege
479 3034 611 3110 dicatus,
627 3035 674 3111 qui
690 3034 772 3112 pacis
788 3033 918 3113 bellique
933 3041 1104 3112 argumento

108 3120 207 3180 colitur
219 3118 318 3198 digitis
331 3119 370 3178 ita
380 3119 511 3198 figuratis
526 3127 558 3178 ut
569 3115 723 3179 CCCLXV
735 3116 847 3178 dierum
858 3128 926 3180 nota
938 3127 986 3180 ant
1001 3138 1056 3198 per
1068 3120 1105 3179 si·

79 3205 317 3282 segnificationem
329 3203 393 3263 anui
407 3205 547 3283 temporis
558 3212 589 3263 et
600 3205 665 3263 aevi
677 3220 745 3264 esse
765 3202 849 3263 deum
861 3203 999 3266 indicent.
1020 3205 1102 3282 signa
1114 3213 1148 3268 34

110 3304 219 3368 quoque
236 3287 395 3350 Tuscanica
412 3306 466 3366 per
480 3297 575 3348 terras
592 3288 742 3369 dispersa,
766 3304 839 3366 quae
859 3288 931 3368 qut'o
946 3291 975 3348 in
989 3287 1105 3348 Etruria

109 3371 230 3434 factitata
256 3373 313 3434 sint
335 3389 393 3433 non
416 3381 462 3434 est
485 3373 608 3432 dubium.
645 3373 765 3434 deorum
790 3381 897 3432 tantum
917 3381 1049 3452 putarem
1071 3391 1105 3432 ea

12 3471 13 3480 ¹
109 3457 210 3537 luisse,
232 3459 260 3518 ni
278 3457 466 3520 bletrodorus
482 3457 620 3537 Scepsius
640 3460 686 3518 cui
703 3474 868 3534 cognomen
885 3475 900 3516 a
916 3453 1038 3516 Romani
1054 3472 1106 3515 no·
