2468 3896
279 227 361 274 mus.
384 227 475 276 ursa.
496 228 623 276 xxxru.
644 227 669 280 5.
687 227 712 280 6.
736 217 884 297 (un-at.)
1043 219 1081 278 21

58 381 105 442 cul
123 383 291 442 invenitur
306 380 370 442 alia.
391 380 448 443 hoc
463 384 579 461 quidem
597 394 628 445 et
644 386 673 444 in
689 385 764 444 omni
777 385 842 445 lere
858 385 989 463 materia,
1008 385 1083 445 unde

58 465 185 525 metalla
204 464 316 526 Graeci
330 466 464 526 videntur
481 468 601 529 dixisse.
637 471 738 530 mirum
754 467 846 530 adbuc
862 487 915 547 per
930 468 1082 548 Hispanias

60 550 94 610 ab
107 548 290 610 Hannibale
305 550 458 614 inchoatos
474 551 579 614 durare
596 562 711 632 puteos.
735 572 786 613 sua
804 554 917 615 nomina
932 554 968 614 ab
984 556 1084 616 inven-

61 635 185 694 toribus
208 633 341 711 habent,
360 654 398 695 ex
416 638 479 714 quis
495 636 628 698 Baebelo
649 636 812 716 appellatur
830 637 918 700 bodie
937 640 986 718 qui
1007 635 1125 705 00097

45 718 167 798 spondo
185 716 349 780 Hannibali
364 720 590 781 subministravit
610 725 640 782 in
661 722 742 799 dics,
765 721 800 782 ad
816 721 895 784 001)
910 741 1013 802 passus
1030 725 1084 782 iam

62 812 173 864 cavato
199 812 323 880 monte,
352 822 405 883 per
427 804 505 883 quod
524 808 647 886 spatium
670 806 806 885 Aquitani
829 807 972 868 instantes
993 809 1084 867 nocti·

63 887 121 948 bns
148 887 326 968 diebusque
349 898 472 966 egerunt
495 908 583 969 aquas
601 891 783 952 lucernarum
808 909 942 953 mensura
962 910 1084 952 amnem-

65 991 125 1050 que
150 973 281 1034 faciunt.
319 975 432 1052 argenti
453 992 528 1034 vena
552 977 582 1034 in
605 992 715 1036 summo
736 983 857 1054 reperta
871 976 1007 1038 crudaria
1031 994 1079 1055 ap·
1090 984 1125 1042 98

63 1056 217 1136 pellatur.
262 1057 326 1118 finis
350 1059 475 1138 antiquis
504 1059 635 1120 fodiendi
667 1059 784 1121 solebat
810 1079 878 1122 csse
906 1059 1019 1122 alumen
1041 1063 1083 1120 in·

38 1149 215 1217 ravantum,
238 1140 314 1202 ultra
335 1141 406 1202 nibil
426 1145 631 1222 quaerebatur.
669 1163 762 1223 nuper
783 1146 901 1206 inventa
916 1147 993 1206 aeris
1008 1163 1083 1206 vena

64 1227 145 1285 inira
168 1224 290 1286 alumen
310 1226 414 1286 nullam
430 1229 515 1288 linem
533 1230 599 1307 spei
614 1229 696 1290 lecit.
733 1229 806 1289 odor
822 1248 860 1290 ex
879 1231 993 1307 argenti
1010 1229 1082 1290 lodi·

65 1315 113 1370 nis
149 1310 290 1370 inimicus
322 1313 453 1372 omnibus
486 1313 680 1391 animalibus,
711 1313 763 1374 sed
792 1332 923 1374 maxume
953 1313 1082 1374 canibus.

66 1396 189 1454 Aurum
207 1403 417 1474 argentumque
433 1414 491 1475 quo
508 1397 625 1457 mollius
641 1415 678 1458 eo
696 1396 855 1476 pulchrius.
885 1398 970 1458 linias
986 1416 1025 1459 ex
1038 1416 1083 1457 ar·

66 1486 166 1556 gento
185 1479 288 1556 nigras
304 1479 439 1558 praeduci
456 1480 589 1560 plerique
603 1483 748 1542 mirantur.

38 1584 59 1623 u
138 1563 230 1642 (32.)
260 1562 313 1623 Est
335 1572 365 1625 et
385 1565 459 1643 lapis
477 1567 507 1625 in
528 1565 572 1625 his
596 1568 680 1627 renis
707 1567 787 1627 cuius
815 1567 927 1626 vomica
956 1566 1125 1644 liquortsta

67 1649 192 1708 aeterni
210 1656 360 1725 argentum
375 1651 472 1709 vivom
490 1648 661 1728 appellatur.
687 1669 828 1712 venenum
845 1669 943 1712 rerum
959 1651 1083 1711 omnium

70 1741 121 1793 est
139 1733 366 1812 perrumpitque
386 1751 455 1794 vasa
471 1752 644 1813 permanans
661 1736 729 1796 tabe
745 1735 815 1796 dira.
849 1737 943 1796 omnia
959 1737 987 1795 ei
1003 1737 1081 1796 inua-

70 1825 136 1877 tant
151 1825 278 1895 practer
300 1835 413 1895 aurum,
433 1818 461 1879 id
482 1838 567 1879 uuum
586 1819 622 1879 ad
643 1838 676 1880 sc
694 1819 790 1880 trahit.
826 1819 893 1880 ideo
915 1829 945 1881 et
963 1829 1080 1899 optume

71 1910 202 1981 purgat,
219 1909 335 1962 ceteras
351 1903 414 1962 eius
431 1904 526 1964 sordis
541 1922 687 1982 exspuens
703 1904 810 1965 crebro
825 1906 931 1965 iactatu
943 1903 1079 1966 lictilibus

41 1988 102 2048 min
118 1986 215 2046 vasis.
245 1987 284 2046 ita
300 1987 379 2047 vitiis
396 1989 520 2064 eiectis,
540 1995 570 2047 ut
587 1996 617 2048 et
631 1989 725 2067 ipsum
741 1988 776 2049 ab
793 2007 864 2050 auro
878 1989 1026 2066 discedat,
1051 1990 1080 2048 in

72 2069 165 2151 pellis
199 2070 334 2131 subactas
362 2071 517 2132 ciluuditur
542 2089 597 2151 per
622 2086 693 2151 quas
718 2073 833 2134 sudoris
860 2075 925 2135 vice
948 2073 1079 2134 defluens

72 2174 182 2235 purum
197 2156 338 2234 relinquit
351 2175 458 2216 aurum.
492 2174 566 2234 ergo
581 2165 612 2217 et
626 2175 771 2218 eumaem
785 2159 971 2236 inaurentur,
992 2156 1058 2217 snb·
1073 2171 1123 2222 100

71 2241 158 2300 litum
175 2239 299 2300 bratteis
314 2242 545 2319 pertinacissime
564 2243 688 2320 retinet,
712 2260 812 2303 verum
837 2242 950 2321 pallore
968 2242 1080 2319 detegit

72 2324 221 2404 simplicis
239 2334 286 2386 aut
301 2327 469 2403 praetenuis
488 2325 626 2386 bratteas.
641 2335 821 2405 quapropter
836 2327 865 2387 id
876 2328 983 2388 furtum
993 2344 1079 2405 quae-

41 2418 181 2470 arentes
202 2411 250 2469 ovi
268 2409 385 2489 liquore
407 2409 528 2471 candido
551 2428 633 2469 usum
651 2428 716 2470 eum
730 2409 951 2487 adulter-avere,
968 2427 1036 2470 mcx
1051 2418 1081 2470 ct

72 2494 280 2572 hydrargyro,
302 2495 339 2555 de
360 2512 417 2573 quo
438 2494 568 2555 dicemus
591 2511 644 2554 suo
666 2492 744 2556 loco.
781 2493 819 2555 Et
840 2495 912 2556 alias
926 2491 1123 2573 argentomus

72 2581 178 2639 rivom
193 2597 252 2638 nou
267 2579 377 2656 largum
394 2581 541 2640 inventum
557 2587 612 2639 cst.

138 2663 225 2742 (33.)
249 2663 282 2724 lu
300 2663 403 2724 iisdem
423 2664 537 2742 argenti
559 2663 683 2723 metallis
702 2665 866 2742 invenitur,
887 2672 918 2725 ut
939 2664 1060 2744 proprie
1074 2675 1122 2726 101

75 2748 227 2825 dicamus,
243 2766 362 2827 spumae
382 2748 456 2826 lapis
474 2747 613 2808 candidae
625 2749 821 2828 nitentisque,
838 2766 896 2809 uon
913 2758 1008 2810 tameo
1026 2757 1082 2808 tra·

0 2851 1 2870 ³
43 2833 223 2909 elucentis,
246 2834 322 2892 stimi
343 2833 507 2912 adpellant,
528 2830 576 2892 alii
598 2833 685 2910 stibi,
709 2831 758 2894 alii
782 2832 972 2911 alabastrum,
994 2833 1081 2910 aliqui

0 2919 1 2924 ’
76 2917 225 2978 larbasim.
262 2916 319 2978 duo
343 2919 406 2978 eins
423 2935 550 2995 genera,
575 2935 634 2976 mas
656 2935 690 2978 ac
704 2919 820 2979 femina.
849 2920 941 2997 magis
957 2916 1083 2996 probant

0 3037 1 3062 r
76 3001 231 3080 laminam,
246 3000 393 3063 horridior
409 3010 454 3062 cst
467 3019 528 3061 mas
543 3002 734 3080 scabriorque
747 3011 778 3063 et
791 3004 883 3063 minus
898 3001 1082 3081 ponderosus

77 3090 232 3166 minusque
250 3086 363 3148 radians
380 3095 410 3148 et
426 3087 618 3164 harenosior,
639 3087 745 3147 femina
760 3095 861 3149 contra
876 3089 967 3165 oitct,
985 3085 1083 3146 friabi-
1113 3089 1116 3096 '

77 3171 132 3251 lis,
150 3172 323 3251 fissurisque
340 3189 397 3232 uon
411 3171 509 3248 globis
525 3171 690 3233 dehiscens.

45 3269 69 3312 aa
141 3255 224 3340 (34.)
252 3256 306 3316 Vis
329 3258 393 3316 eius
415 3255 598 3334 adstringere
622 3273 655 3316 ac
670 3258 867 3335 refrigerare,
890 3256 1060 3337 principalis
1074 3265 1125 3319 102

79 3352 174 3403 autem
203 3343 280 3402 circa
310 3340 431 3418 oculos,
466 3357 588 3418 namque
623 3339 691 3400 ideo
724 3343 810 3402 etiam
831 3340 967 3422 plerique
990 3340 1082 3419 platp-

81 3427 271 3507 opbtbalmon
283 3425 312 3486 id
325 3424 528 3504 appellavere,
541 3426 674 3502 quoniam
695 3427 724 3486 in
743 3425 962 3505 calliblepharis
981 3423 1081 3484 mulie·

79 3531 139 3573 rum
155 3512 260 3573 dilatet
275 3511 390 3571 oculos.
420 3519 450 3569 et
465 3508 620 3570 ductiones
636 3508 749 3571 inhibet
764 3510 914 3571 oculorum
932 3507 1081 3568 exulcera-
