2510 3898
150 209 209 271 120
491 220 521 268 c.
541 221 639 267 Pn1u1
661 218 812 268 suenum

150 397 242 459 opere
266 385 296 438 et
317 384 438 456 peracto
455 376 577 436 iluminis
593 378 769 456 inrigatione
784 374 900 452 dilutis,
915 374 963 434 alii
975 374 1115 436 lateribus
1133 395 1153 437 e

149 465 211 524 luto
229 463 314 523 iactis
330 469 497 522 exstructos
512 463 629 540 pontis,
646 471 766 540 peracto
783 477 875 539 opere
892 460 1033 521 lateribus
1050 461 1079 520 in
1091 461 1153 538 pri-

151 557 233 610 vatas
249 548 351 608 domos
373 546 552 622 distributis,
570 544 666 606 Nilum
688 548 764 607 enim
785 562 843 604 non
862 553 962 624 putant
986 546 1083 622 rigare
1098 563 1154 624 po-

149 635 241 693 tuisse
254 631 344 691 multo
355 629 543 690 humiliorem.
561 631 589 689 in
601 631 748 709 pyramide
761 647 890 690 maxuma
899 639 944 690 est
956 632 1032 690 intus
1045 637 1152 708 puteus

151 719 299 795 octoginta
322 733 376 775 sex
397 713 576 791 cubitorum,
599 715 703 777 flumen
725 716 775 776 illo
790 714 944 775 admissum
966 714 1178 776 arbitrantur.e

106 813 140 868 82
153 800 317 862 Mansuram
329 798 485 859 altitudinis
502 817 598 860 earum
609 817 780 879 omnemque
794 798 916 860 similem
928 798 1155 878 deprehendere

152 886 263 946 invenit
279 883 385 943 Thales
402 882 533 945 Milesius
549 885 677 944 umbram
692 884 840 946 metiendo
857 901 913 962 qua
928 881 1000 945 hora
1015 901 1067 962 par
1082 903 1153 944 esse

151 970 269 1048 corpori
286 968 374 1028 solet.
404 967 476 1029 haec
493 978 559 1028 sunt
576 971 752 1048 pyramidum
764 967 911 1046 miracula,
929 985 1153 1047 supremumque

150 1053 239 1132 illud,
255 1071 292 1113 ne
310 1053 372 1130 quis
391 1071 492 1130 regum
512 1070 585 1133 opes
600 1055 738 1131 miretur,
755 1056 904 1115 minumum
921 1053 1010 1113 exiis
1025 1051 1077 1112 sed
1094 1053 1154 1113 lau·

148 1139 324 1199 datissimam
342 1155 357 1196 a
372 1135 546 1216 Rhodopide
569 1140 754 1200 meretricula
776 1140 888 1199 iactam.
923 1136 1038 1216 Aesopi
1059 1136 1190 1197 sabel-ro

149 1223 242 1283 larum
264 1221 431 1300 philosophi
454 1241 597 1282 conserua
620 1225 762 1303 quondam
789 1232 819 1284 et
839 1221 1057 1283 contubernalis
1080 1221 1154 1283 haec

147 1309 212 1384 luit,
227 1308 336 1367 maiore
352 1306 490 1367 miraculo
508 1315 599 1367 tantas
613 1326 687 1387 opes
699 1309 866 1369 meretricio
881 1325 950 1368 esse
963 1308 1151 1387 conquisitas.

105 1404 141 1459 aa
215 1391 297 1471 (18.)
320 1389 521 1468 Magnificatur
542 1401 572 1451 et
593 1393 649 1452 alia
671 1395 759 1453 turris
781 1411 796 1452 a
815 1411 889 1470 rege
911 1391 985 1452 iacta
1006 1393 1035 1451 in
1058 1391 1153 1452 insula

150 1477 245 1537 Pharo
259 1485 374 1555 portum
388 1478 540 1555 optinente
550 1475 768 1555 Alexandreae,
779 1495 862 1557 quam
875 1478 1044 1536 constitisse
1058 1477 1154 1537 octin-

148 1563 245 1640 gentis
272 1560 389 1621 talentis
408 1561 539 1638 tradunt,
567 1580 672 1641 magno
689 1564 800 1641 animo,
828 1581 865 1623 ne
891 1561 958 1641 quid
976 1563 1153 1639 omittamus,
1163 1579 1188 1620 15

149 1646 310 1706 Ptolemaei
331 1646 412 1723 regis
433 1663 490 1723 quo
512 1647 542 1705 in
564 1665 598 1706 ea
621 1649 787 1726 permiserit
807 1646 931 1707 Sostrati
952 1642 1044 1706 Cnidii
1061 1646 1154 1706 archi·

149 1732 220 1790 tecti
237 1739 380 1790 structura
402 1731 466 1808 ipsa
483 1747 589 1791 nomen
607 1733 735 1792 inscribi.
772 1751 840 1793 usus
858 1732 921 1792 eius
944 1739 1088 1791 nocturno
1106 1751 1153 1792 na·

148 1816 225 1874 vium
246 1832 332 1874 cursu
354 1815 429 1891 ignis
455 1813 613 1876 ostendere
634 1816 669 1877 ad
692 1816 918 1896 praenuntianda
939 1814 1011 1875 vada
1037 1825 1155 1894 portus-

150 1917 206 1978 que
228 1899 393 1976 introitum,
418 1899 519 1977 quales
541 1901 595 1960 iam
616 1901 804 1981 conpluribus
822 1902 895 1963 locis
915 1900 1053 1979 ilagrant,
1078 1903 1153 1962 sicul

148 1983 249 2044 Ostiae
266 2001 300 2043 ac
313 1981 480 2044 Ravennae.
518 1985 677 2063 periculum
693 1988 722 2046 in
737 1987 954 2047 continuatione
970 1987 1093 2062 ignium,
1115 2004 1153 2046 ne
1164 2002 1191 2043 no

149 2067 229 2128 sidus
252 2069 452 2145 existimetur,
475 2072 647 2146 quoniame
671 2070 833 2151 longinquo
856 2070 958 2131 similis
980 2069 1155 2130 flammarum

151 2151 306 2231 adspectus
323 2161 376 2213 est.
403 2150 457 2212 llic
471 2153 547 2214 idem
559 2155 735 2216 architectus
751 2158 860 2236 primus
874 2157 997 2217 omnium
1009 2156 1155 2235 pensilem

149 2236 371 2298 ambulationem
388 2235 470 2298 Cnidi
489 2239 599 2300 iecisse
616 2241 746 2302 traditur.

104 2332 139 2386 84
216 2323 263 2384 13.
282 2322 365 2402 (19.)
387 2321 521 2383 Dicamus
539 2335 569 2385 et
585 2324 784 2404 labyrinthos,
800 2326 850 2386 uel
865 2327 1154 2406 portentosissimum

148 2406 261 2486 humani
277 2408 395 2486 inpendi
412 2425 502 2487 opus,
521 2410 664 2488 sednon,
682 2419 713 2470 ut
730 2412 889 2472 existimari
906 2419 1023 2490 potest,
1040 2410 1191 2472 falsumne

149 2493 194 2572 [l]
218 2491 310 2553 Durat
341 2494 493 2553 etiamnum
521 2497 550 2554 in
574 2494 713 2575 Aegypto
733 2495 972 2574 heracleopolite
996 2513 1083 2556 nomo
1104 2496 1153 2572 qui

147 2580 257 2656 primus
273 2577 366 2637 iactus
383 2586 510 2638 estante
528 2597 638 2658 annos,
655 2589 687 2640 ut
701 2581 833 2658 tradunt,
849 2599 889 2643 00
900 2600 940 2643 00
952 2599 991 2642 oe
1003 2578 1054 2641 DC
1068 2599 1084 2641 a
1099 2579 1155 2640 Pe-

147 2661 259 2722 tesnchi
276 2679 348 2739 rege
370 2663 433 2721 sive
450 2660 571 2741 Tithoe,
594 2683 762 2744 quamquam
776 2665 943 2727 llerodotns
963 2675 1056 2727 totum
1077 2683 1153 2746 opus

146 2743 203 2805 Xll
230 2763 333 2824 regum
359 2763 428 2807 esse
456 2745 526 2807 dicit
551 2750 761 2830 novissimique
783 2750 993 2812 Psammetichi.
1052 2767 1154 2811 causas

146 2829 270 2891 faciendi
293 2831 374 2892 uarie
396 2831 633 2911 interpretantur.
673 2834 844 2898 Damoteles
867 2838 979 2914 regiam
995 2835 1150 2897 Moteridis
1161 2855 1188 2896 ao

146 2919 256 2995 fuisse,
280 2916 393 2993 Lyceas
415 2917 597 2995 sepulchrum
612 2918 771 3000 Moeridis,
797 2920 898 3000 plures
915 2921 978 2982 Soli
995 2939 1107 2982 sacrum
1122 2921 1153 2980 id

105 3013 139 3067 85
153 3011 349 3081 exstructum,
373 3002 450 3082 quod
472 3021 604 3064 maxume
618 3005 754 3067 creditur.
801 3005 846 3086 [21
872 3003 945 3067 Hinc
959 3007 1059 3085 utique
1076 3024 1151 3066 snm·

144 3089 240 3166 psisse
252 3086 410 3147 Daedalum
422 3088 571 3167 exemplar
583 3091 646 3150 eius
662 3089 817 3168 labyrinthi
832 3109 917 3170 quem
934 3092 1005 3152 fecit
1020 3088 1152 3151 increta

144 3179 265 3232 nonest
281 3171 413 3248 dublum,
434 3172 486 3232 sed
502 3175 691 3234 centesimam
706 3183 814 3236 tantum
826 3177 992 3255 portionem
1008 3177 1071 3237 eius
1087 3177 1150 3235 imi·

146 3265 234 3316 tatum
252 3273 326 3335 quae
343 3258 478 3316 itinerum
495 3258 633 3336 ambages
656 3278 853 3339 occursusque
868 3278 901 3320 ao
916 3279 1053 3322 recursus
1069 3262 1185 3321 inex-as

145 3339 289 3420 plicabilis
315 3342 461 3418 continet,
490 3359 548 3402 non
566 3377 609 3388 —
635 3353 666 3404 ut
694 3348 724 3407 in
752 3348 925 3425 pauimentis
951 3363 1150 3425 puerorumve

143 3427 261 3487 ludicris
286 3427 496 3506 campestribus
524 3428 654 3489 videmus
683 3465 725 3477 —
750 3431 834 3492 brevi
859 3430 963 3492 lacinia
986 3431 1064 3492 milia
1084 3449 1151 3509 pas·

144 3530 224 3573 suum
247 3510 330 3591 plura
351 3512 552 3574 ambulationis
573 3516 787 3595 continentem,
814 3514 868 3576 sed
896 3515 1010 3576 crebris
1033 3515 1149 3576 foribus
