2510 3898
178 230 218 291 76
524 241 554 290 c.
567 241 663 289 nunu
680 239 830 289 succuum

178 396 330 476 Hispanias
345 396 452 457 harena
467 405 514 456 est
526 395 648 456 similem
664 413 760 456 curam
776 395 932 474 recipiens.
962 395 1059 472 itaque
1075 393 1111 455 ad
1129 394 1187 454 de-

178 483 275 542 narios
292 498 380 542 senos
399 479 494 541 vilitas
512 480 605 541 rediit.
627 480 714 542 distat
731 499 747 540 a
762 479 899 540 caeruleo
918 477 1044 539 candore
1062 478 1185 539 modico

178 566 226 644 qui
249 567 426 626 teneriorem
448 564 522 625 hunc
543 564 633 624 eiiioit
655 563 793 625 colorem.
844 581 913 624 usus
933 565 962 624 in
983 562 1125 624 medicina
1143 563 1204 622 ad·

178 649 255 728 pilos
272 658 378 711 tantum
393 647 514 710 alendos
530 648 618 709 habet
628 665 817 729 maxumeque
833 649 861 707 in
877 647 1035 727 palpebris.

135 743 170 797 48
233 732 313 814 (29.)
335 733 408 793 Sunt
432 735 584 794 etiamnum
608 734 715 793 novicii
737 732 794 792 duo
820 732 938 792 colores
964 751 981 792 e
1011 731 1210 800 vilissimis25

178 819 270 879 viride
285 817 363 896 quud
377 815 540 896 Appianum
551 827 671 878 uocatur
684 825 714 877 et
725 816 937 893 chrysocollam
952 817 1106 892 mentitur,
1123 833 1184 876 ceu

179 919 277 981 parum
289 901 374 961 multa
385 901 461 961 dicta
477 903 534 962 sint
550 902 697 962 mendacia
713 903 786 961 eius.
805 903 835 961 lrt
852 910 881 961 et
897 909 977 962 creta
989 899 1073 959 viridi
1089 903 1182 960 aesti-

176 994 280 1046 matum
298 987 444 1046 sestertiis
467 988 497 1046 in
516 985 615 1047 libras.
662 986 740 1064 (30.)
761 985 878 1046 anulare
893 985 971 1064 quod
991 992 1096 1044 vocant
1113 1002 1182 1045 can·

178 1069 271 1130 didum
285 1078 346 1147 est,
362 1087 419 1148 quo
434 1070 591 1131 muliebres
607 1071 737 1150 picturae
751 1069 961 1130 inluminantur.
991 1070 1022 1128 iit
1038 1077 1068 1128 ct
1083 1071 1182 1148 ipsum

177 1162 257 1214 creta
272 1154 404 1214 admixtis
421 1156 523 1215 vitreis
538 1158 658 1232 gemmis
676 1174 693 1214 e
712 1154 790 1232 volgi
806 1154 916 1231 anulis,
934 1153 1001 1214 inde
1016 1161 1047 1214 et
1059 1152 1182 1212 anulare
1195 1177 1223 1218 ro

177 1237 291 1300 dictum.

134 1333 168 1388 49
243 1325 272 1382 7.
288 1321 371 1401 (31.)
392 1320 439 1382 Ex
459 1323 589 1384 omnibus
610 1323 758 1384 coloribus
780 1321 919 1384 cretulam
942 1331 1035 1383 amant
1062 1322 1183 1402 udoque

176 1407 257 1466 inlini
274 1414 410 1468 recusant
425 1409 641 1487 purpurissum,
662 1406 804 1486 indicum,
825 1407 1007 1484 caeruleum,
1028 1406 1181 1484 Melinum,

176 1492 432 1570 auripigmentum,
450 1491 630 1571 Appianum,
646 1509 775 1552 cerussa.
811 1490 906 1552 Gerae
922 1493 1069 1570 tinguntur
1085 1491 1181 1552 isdem

177 1575 221 1634 his
240 1575 389 1637 coloribus
405 1575 440 1636 ad
456 1595 506 1635 eas
522 1579 650 1654 picturas
666 1594 740 1655 quae
755 1578 923 1653 inuruntur,
947 1576 1043 1636 alieno
1059 1577 1219 1656 parieti-15

175 1659 230 1718 bus
246 1677 379 1736 genere,
400 1659 453 1720 sed
474 1659 617 1720 classibus
639 1661 787 1737 familiari,
808 1661 863 1720 iam
884 1677 957 1721 vero
980 1669 1010 1720 et
1033 1663 1179 1721 onerariis

176 1742 314 1818 navibus,
337 1744 471 1821 quoniam
493 1752 523 1804 et
541 1743 670 1823 pericula
689 1746 887 1822 expingimus,
915 1746 1033 1823 nequis
1056 1747 1180 1806 miretur

177 1833 206 1884 et
227 1842 319 1903 rogos
341 1828 441 1905 pingi,
464 1828 601 1906 iuvatque
625 1837 804 1908 pugnaturos
825 1829 861 1889 ad
885 1837 1008 1890 mortem
1027 1837 1075 1889 aut
1093 1837 1179 1890 certe

175 1909 294 1969 caedem
310 1911 447 1989 speciose
462 1911 537 1972 vehi.
565 1929 620 1989 qua
634 1913 882 1993 contemplatione
898 1922 942 1974 tot
955 1913 1086 1974 colorum
1098 1921 1178 1974 tanta

106 2015 109 2019 ·
176 1995 317 2054 varietate
334 1995 411 2055 subit
426 1997 625 2073 antiquitatem
639 1999 744 2061 mirari.
1187 2021 1215 2061 ro

132 2089 167 2141 50
238 2077 317 2157 (32.)
333 2074 475 2149 Quattuor
486 2079 635 2141 coloribus
648 2081 720 2141 solis
734 2081 895 2142 inmortalia
907 2081 955 2142 illa
968 2100 1058 2161 opera
1073 2084 1178 2144 iecere

174 2194 215 2205 -
230 2181 267 2221 ex
281 2162 355 2223 albis
366 2161 487 2241 Melino,
504 2165 640 2225 esilaeiis
653 2166 765 2243 Attico,
783 2185 820 2226 ex
835 2167 930 2226 rubris
946 2167 1086 2246 Sinopide
1099 2167 1176 2226 l'on-

175 2246 241 2321 tica,
258 2264 296 2306 ex
311 2247 402 2324 nigris
416 2257 575 2309 atramento
589 2250 773 2329 —Apelles,
789 2250 910 2327 Aetion,
925 2250 1110 2329 Melanthius,
1125 2251 1178 2310 Ni·

174 2330 343 2410 comachus,
370 2331 522 2392 clarissimi
539 2335 687 2412 pictores,
712 2353 775 2395 cum
790 2334 904 2396 tabulae
921 2353 1021 2397 eorum
1041 2335 1176 2413 singulae

174 2414 345 2493 oppidorum
367 2419 501 2477 venirent
524 2418 639 2497 opibus.
682 2428 808 2480 nuncet
833 2421 968 2499 purpuris
993 2422 1022 2480 in
1042 2421 1212 2498 parietesre

172 2499 362 2576 migrantibus
386 2510 416 2561 et
436 2500 516 2561 india
535 2504 708 2564 conferente
731 2503 873 2565 lluminum
895 2521 1011 2564 suorum
1029 2504 1124 2563 limum
1144 2515 1175 2565 et

173 2582 328 2643 draconum
344 2583 622 2664 elephantorumque
640 2589 748 2648 saniem
770 2587 847 2648 nulla
862 2589 969 2649 nobilis
985 2590 1097 2667 pictura
1115 2599 1173 2650 est.

173 2667 268 2726 omnia
280 2685 352 2745 ergo
364 2668 485 2728 meliora
497 2671 736 2748 tunoiuere,cum
747 2674 841 2732 minor
852 2674 945 2751 copia.
960 2674 998 2733 ita
1013 2682 1069 2750 est,
1082 2691 1174 2752 quon·

142 2768 154 2802 4
173 2751 244 2826 iam,
268 2759 398 2830 utsupra
414 2752 553 2831 diximus,
575 2774 687 2832 rerum,
706 2774 764 2815 non
782 2757 865 2817 animi
881 2759 984 2836 pretiis
1001 2759 1172 2820 excubatur.

129 2846 161 2898 ol
234 2833 316 2913 (33.)
340 2834 378 2895 Et
398 2844 518 2897 nostrae
541 2842 645 2900 aetatis
662 2842 800 2901 insaniam
823 2842 852 2901 in
872 2843 984 2920 pictura
1007 2861 1065 2904 non
1090 2846 1209 2908 omit-ao

173 2927 237 2978 tam.
272 2918 353 2980 Nero
369 2922 506 3001 princeps
519 2923 644 2985 iusserat
656 2925 822 2986 colosseum
833 2944 865 2986 se
882 2927 962 3004 pingi
976 2925 1057 2988 CXX
1068 2928 1173 3007 pedum

171 3003 319 3081 in'linteo,
338 3007 516 3084 incognitum
530 3006 565 3067 ad
579 3007 636 3068 boo
651 3017 772 3088 tempus.
802 3028 837 3071 ea
851 3012 962 3089 pictura
975 3031 1038 3072 oum
1054 3021 1172 3091 peracta

172 3095 253 3148 esset
276 3089 306 3148 in
319 3086 438 3150 Maianis
458 3090 567 3170 hortis,
586 3111 709 3154 accensa
725 3093 843 3155 fulmine
860 3113 923 3155 cum
940 3104 1057 3175 optuma
1072 3096 1172 3158 horto·

128 3179 163 3234 52
174 3189 236 3231 rum
251 3181 333 3250 parte
352 3173 549 3253 conflagravit.
586 3177 709 3239 libertus
730 3180 793 3239 eius
809 3197 871 3239 cum
887 3179 969 3240 daret
984 3179 1053 3240 Anti
1069 3201 1170 3242 munus

170 3254 379 3334 gladiatorum,
397 3258 527 3336 publicas
543 3263 674 3340 porticus
693 3265 845 3342 occupavit
860 3266 982 3343 pictura,
998 3275 1028 3325 ut
1043 3275 1169 3344 constat,
1180 3292 1205 3334 su

144 3414 146 3419 .
170 3338 362 3416 gladiatorum
389 3343 642 3425 ministrorumque
665 3349 789 3407 omnium
809 3351 889 3409 veris
909 3351 1082 3428 imaginibus
1105 3351 1170 3411 red·

169 3422 245 3484 ditis.
275 3423 323 3484 hic
336 3426 431 3486 multis
443 3429 498 3487 iam
512 3430 637 3490 saeculis
653 3449 776 3492 summus
788 3433 897 3494 animus
913 3435 940 3493 in
952 3436 1074 3513 pictura,
1089 3437 1169 3514 pingi

90 3572 93 3576 ,
170 3517 266 3571 autem
285 3507 457 3587 gladiatoria
477 3529 596 3574 munera
611 3524 699 3594 atque
714 3518 743 3576 in
759 3515 877 3595 publico
895 3521 1002 3598 exponi
1025 3528 1131 3598 coepta
1154 3539 1170 3580 a
