2468 3896
266 247 346 297 usu.
373 249 684 305 mensurantem.
706 251 746 306 14.
770 242 919 321 (tt-41.)
1047 243 1088 307 59

0 448 1 475 ι
80 407 183 486 ingeni
198 406 330 467 fraudem
345 407 490 484 arbitror,
506 409 664 486 siquidem,
680 417 710 470 ut
727 410 808 470 ocius
823 427 901 471 mors
917 413 1088 490 perueniret

81 493 117 553 ad
138 491 305 570 hominem,
326 492 426 554 alitem
445 491 522 553 illam
536 493 657 554 fecimus
673 496 833 574 pinnasque
850 494 931 556 ferro
947 495 1086 558 dedimus.

82 577 276 657 quamobrem
290 578 377 658 culpa
390 581 455 640 etus
472 598 530 640 non
544 588 663 641 naturae
673 579 722 640 liat
732 587 862 658 accepta.
885 579 1006 659 Aliquot
1018 600 1069 642 er·
1081 593 1130 648 139

80 663 258 741 perimentis
274 663 427 744 probatum
440 673 485 724 est
500 682 590 743 posse
606 666 747 727 innocens
760 683 829 726 esse
843 664 960 726 ferrum.
983 667 1012 725 in
1025 666 1088 727 foe-

61 748 156 809 sdere
179 746 259 826 qnod
280 748 413 827 expulsis
434 747 554 827 regibus
575 750 685 828 populo
699 748 840 810 llomano
859 748 939 810 dedit
954 749 1087 827 Porsina,

80 834 253 893 nominatim
279 833 512 912 conprehensum
537 834 697 895 invenimus
720 853 758 895 ne
779 833 861 896 ferro
884 836 939 896 nisi
966 836 995 895 in
1024 837 1086 913 agri

81 917 161 996 cultu
177 924 322 982 uteretur.
349 925 379 977 et
395 926 452 977 tum
466 916 535 978 stilo
552 918 684 999 scribone
701 920 822 980 intutum
835 918 1023 980 vetustissimi
1040 937 1087 980 au·

81 1011 183 1062 ctores
201 1001 403 1080 prodiderunt.
427 1001 523 1080 blugni
536 1002 656 1084 Pompei
671 1004 700 1064 in
717 1005 808 1065 tertio
823 1004 974 1065 consulatu
991 1011 1088 1064 exstat

82 1085 212 1147 edictum
233 1089 264 1146 ln
279 1086 401 1147 tumultu
422 1089 502 1148 necis
521 1085 679 1150 Clodianae
697 1088 880 1168 prohibentis
896 1087 983 1148 ullum
1000 1087 1088 1149 telum

0 1226 1 1233 ,
54 1171 300 1232 toesscinurbe.

146 1255 233 1336 (40.)
251 1253 290 1315 llt
309 1263 404 1318 tamen
417 1256 476 1317 vita
496 1257 560 1337 ipsa
577 1274 636 1317 non
654 1256 746 1318 defuit
767 1256 909 1318 honorem
924 1256 1068 1318 mitiorem
1080 1266 1131 1320 140

82 1340 196 1402 habere
218 1340 299 1402 ferro
326 1359 452 1420 quoquc.
495 1341 680 1402 Aristonidas
705 1341 812 1402 artifex
833 1358 897 1401 oum
920 1342 1087 1420 exprimere

81 1427 176 1488 vellet
192 1424 373 1486 Athamantis
388 1425 517 1487 furorem
527 1424 659 1488 learcho
674 1425 734 1487 lilio
750 1427 942 1505 praecipitato
958 1425 1088 1486 residen-

84 1519 142 1572 tem
157 1511 359 1590 paenitentia,
375 1529 425 1571 aes
441 1511 608 1590 ferrumque
623 1511 738 1571 miscuit
755 1518 786 1570 ut
803 1509 940 1587 robigine
955 1510 1018 1570 eius
1033 1527 1088 1588 per

56 1597 213 1656 unitorem
237 1597 316 1656 aeris
344 1596 495 1656 relucente
524 1597 739 1674 exprimeretur
765 1592 959 1655 verecundiae
987 1593 1086 1654 rubor.

84 1680 141 1742 hoc
160 1682 276 1758 signum
293 1688 390 1740 exstat
408 1679 496 1740 hodie
513 1677 617 1741 Rhodi.
652 1680 742 1740 estin
757 1677 858 1740 eadem
876 1678 948 1739 urbe
964 1686 994 1740 et
1009 1679 1066 1739 fer·
1080 1689 1128 1743 141

85 1785 153 1827 rens
170 1763 334 1842 llercules,
357 1783 442 1844 quem
462 1762 535 1825 fecit
549 1764 645 1826 lllcon
662 1765 794 1825 labomm
813 1763 860 1824 dei
886 1764 1024 1842 patientia
1046 1764 1088 1822 in·

85 1850 198 1912 ductus.
221 1849 353 1910 videmus
370 1859 400 1910 et
412 1848 522 1910 Romae
537 1849 664 1928 scyphos
679 1869 696 1910 e
711 1850 792 1910 ferro
808 1849 919 1909 dicatos
934 1849 963 1907 in
978 1847 1087 1926 templo

85 1933 188 1996 llartis
204 1932 326 1995 Ultoris.
366 1934 480 1996 obstitit
495 1934 732 1999 eademnaturae
750 1934 915 2012 benignitas
940 1932 1087 2008 erigentis

57 2021 121 2082 mab
143 2021 227 2081 ferro
249 2021 316 2098 ipso
339 2037 451 2098 poenas
466 2019 602 2097 robigine
629 2019 788 2098 eademque
810 2017 993 2097 providentia
1018 2015 1088 2076 nihil

86 2107 115 2166 in
134 2105 226 2166 rebus
249 2104 398 2166 mortalius
419 2104 553 2165 facientis
571 2121 655 2182 quam
670 2103 747 2182 quod
768 2111 849 2163 esset
871 2101 1088 2162 infestissimum

87 2189 264 2251 mortalitati.

149 2272 234 2354 (41.)
265 2272 348 2334 ferri
372 2273 488 2334 metalla
508 2273 616 2352 ubique
636 2271 846 2353 propemodum
870 2271 1068 2350 reperiuntur,
1081 2279 1131 2334 14²

89 2361 197 2438 qnippe
215 2359 301 2420 etium
320 2357 413 2420 insula
435 2357 536 2418 ltaliae
551 2358 611 2418 llva
632 2359 791 2436 gignente,
812 2357 992 2433 minumaque
1016 2354 1088 2415 diffi-

62 2443 197 2506 ucultate
215 2449 412 2521 agnoscuntur
429 2443 531 2504 colore
547 2445 613 2522 ipso
637 2452 735 2503 terrae
751 2440 910 2501 manifesta.
944 2438 1019 2498 ratio
1042 2456 1088 2499 ea·

91 2528 153 2590 dem
171 2527 354 2606 excoquendi
368 2529 460 2588 venis.
497 2527 530 2589 ln
547 2525 730 2607 Cappadocia
751 2533 859 2586 tanturn
875 2522 1009 2602 quaestio
1028 2530 1086 2600 est,

92 2631 181 2692 aquae
198 2631 234 2673 an
251 2621 347 2674 terrae
364 2612 412 2672 liat
432 2621 599 2692 acceptum,
617 2613 751 2692 quoniam
765 2610 884 2690 perfusa
900 2614 983 2668 certo
999 2606 1088 2668 durio

91 2707 168 2759 terra
187 2715 283 2776 neque
301 2697 388 2758 aliter
407 2699 517 2758 ferrum
537 2715 555 2757 e
575 2696 741 2757 fornacibus
760 2694 864 2756 reddit.
897 2691 1069 2754 Dillerentia
1081 2702 1132 2757 143

91 2783 161 2843 ferri
175 2800 348 2843 numerosa:
368 2783 459 2861 prima
475 2783 504 2842 iu
518 2799 631 2861 genere
646 2790 744 2842 terrae
760 2779 893 2856 caelive,
909 2777 983 2838 aliae
999 2775 1089 2838 molle

5 2918 10 2927 .
64 2875 199 2928 nutantum
221 2867 398 2946 plumboque
418 2867 542 2927 ricinum
568 2866 801 2942 subministrant,
833 2863 906 2923 aliae
929 2861 1035 2940 fragile
1058 2869 1089 2922 et

93 2969 225 3013 aerosum
238 2959 424 3030 rotarumque
442 2951 540 3012 usibus
558 2959 589 3012 et
603 2951 693 3012 clavis
708 2967 838 3010 maxume
850 2946 1026 3024 fugiendum,
1042 2946 1087 3006 cui

3 3111 5 3114 Ι
94 3037 172 3116 prior
194 3037 270 3097 ratio
293 3038 447 3114 convenit,
473 3036 548 3097 aliud
570 3035 716 3096 brevitate
737 3033 800 3095 sola
822 3031 918 3111 placet
939 3029 1088 3109 clavisque

2 3124 6 3248 p
94 3121 247 3199 caligariis,
261 3121 338 3182 aliud
351 3121 514 3200 robiginem
524 3120 651 3182 celerius
663 3119 760 3180 sentit.
781 3118 937 3178 stricturae
950 3123 1089 3176 vocantur

94 3203 144 3268 hae
157 3223 270 3284 omnes,
285 3206 362 3284 qnod
376 3224 434 3267 non
446 3208 475 3267 in
489 3207 553 3267 aliis
565 3204 702 3282 metallis,
718 3199 913 3280 astringenda
925 3202 988 3262 acie
1004 3216 1089 3260 voca·

67 3289 161 3354 obulo
175 3293 316 3370 inposito.
341 3300 370 3352 et
384 3292 543 3353 fornacium
557 3307 659 3369 magna
674 3287 839 3350 differentia
855 3295 918 3364 est,
935 3283 1069 3345 nucleus·
1081 3291 1131 3346 144

96 3393 149 3456 que
161 3376 275 3456 quidam
289 3377 360 3437 ferri
373 3378 545 3455 excoquitur
558 3377 587 3436 in
602 3377 638 3435 iis
654 3375 688 3436 ad
704 3371 887 3434 indurandam
900 3371 1003 3445 aciem,
1017 3367 1088 3428 alio·

0 3470 1 3487 ³
97 3478 149 3540 que
165 3461 252 3522 modo
268 3461 302 3524 ad
319 3461 479 3524 densandas
497 3460 616 3522 incudes
627 3459 834 3520 malleorumve
849 3462 962 3533 rostra,
982 3467 1089 3512 summa

1 3568 2 3576 ¹
97 3553 186 3608 autem
194 3545 361 3612 differentia
371 3548 400 3609 in
412 3564 484 3627 aqua
496 3547 541 3607 cui
554 3544 675 3607 subinde
687 3539 811 3604 candens
823 3539 1004 3615 inmergitur.
1016 3533 1089 3593 haec
