2468 3896
161 223 201 284 52
325 225 330 232 “
509 233 537 282 c.
558 235 654 282 amm
676 233 825 282 suenum
855 237 860 248 ·

161 400 294 471 optuma,
320 392 439 452 camaris
461 390 629 469 dependens
653 398 684 450 et
706 390 741 451 ab
770 406 807 451 eo
832 398 1003 468 argumento
1027 390 1170 468 botryitis

160 479 320 554 nominata,
345 475 541 555 ponderosior
558 474 630 535 baec
645 476 763 554 priore,
782 474 878 535 levior
893 491 983 553 porro
1008 476 1170 538 secuturis.

118 573 169 627 102
181 562 237 623 duo
257 563 319 622 eius
341 561 478 638 colores,
501 560 632 620 deterior
650 561 805 636 cinereus,
826 560 946 638 pumicis
962 559 1079 638 melior,
1097 561 1170 619 iria-

160 647 228 709 bilis
252 647 458 724 oculorumque
482 645 699 706 medicamentis
719 643 880 704 utilissima.
917 645 1004 704 tertia
1020 655 1066 705 est
1082 645 1112 704 in
1126 644 1170 704 la-

159 731 273 792 teribus
289 732 460 809 fornacium,
478 749 552 809 quae
570 739 694 810 propter
711 727 884 808 gravitatem
902 728 937 814 ad
953 747 1081 790 camaras
1096 747 1194 808 per-s

160 818 262 876 venire
274 833 331 876 non
344 817 446 895 potuit.
474 815 546 876 baec
558 815 662 876 dicitur
673 815 800 894 placitis,
813 823 843 874 et
855 816 919 893 ipsa
931 814 966 874 ab
978 823 1168 892 argumento,

160 910 256 962 crusta
269 902 367 960 verius
391 918 474 978 quam
490 919 612 980 pumex,
633 902 710 960 intus
726 901 821 977 varia,
841 900 876 960 ad
893 916 996 979 psoras
1019 899 1119 960 utilior
1134 908 1169 960 et

117 995 170 1052 loe
181 985 216 1045 ad
232 986 384 1046 cicatrices
406 985 570 1047 trahendas.
607 986 678 1045 liunt
694 1004 732 1045 en
747 1003 781 1044 ea
797 984 854 1044 duo
870 985 926 1045 alia
942 1001 1068 1062 genera:
1092 1002 1168 1062 ony-

161 1069 247 1130 chitis
271 1079 355 1130 entra
371 1089 465 1150 paene
487 1071 640 1148 caerulea,
667 1067 744 1130 intus
767 1069 888 1146 onychis
908 1068 1026 1130 maculis
1049 1068 1167 1146 similis,

161 1157 306 1216 ostracitis
330 1163 391 1215 tcta
413 1157 496 1234 nigra
518 1163 548 1216 et
572 1175 589 1215 e
611 1155 720 1215 ceteris
747 1155 963 1231 sordidissima,
990 1153 1210 1219 volneribusm

159 1257 290 1301 maxume
318 1240 406 1301 utilis.
450 1242 542 1300 omnis
569 1249 665 1300 autem
681 1240 799 1300 cadmea
824 1241 854 1299 in
877 1237 966 1318 Cypri
994 1239 1168 1299 fornacibus

160 1333 290 1402 optuma,
312 1326 417 1385 iterum
434 1345 450 1386 a
464 1325 584 1386 medicis
599 1326 735 1403 coquitur
750 1325 878 1385 carbone
894 1341 969 1404 puro
987 1331 1091 1402 atque,
1113 1323 1167 1383 ubi

159 1411 188 1468 in
209 1411 337 1470 cinerem
358 1410 462 1487 rediit,
488 1411 685 1488 exstinguitur
709 1411 776 1470 vino
802 1409 926 1470 Amineo
950 1426 1023 1486 quae
1046 1408 1081 1468 ad
1104 1426 1168 1468 em-

117 1505 168 1558 104
180 1495 288 1573 plastra
305 1504 600 1574 praeparatumquae
617 1512 689 1554 vero
707 1494 742 1554 ad
757 1511 862 1574 psoras
878 1500 974 1555 aceto.
1005 1492 1118 1572 quidum
1134 1493 1169 1554 in

158 1580 224 1639 ollis
249 1580 385 1640 fictilibus
409 1588 520 1639 tunsam
541 1589 626 1639 urunt
647 1588 678 1639 et
698 1579 794 1640 lauant
816 1581 845 1639 in
867 1579 1030 1656 mortariis,
1055 1586 1168 1657 postea
1180 1601 1209 1644 15

157 1667 273 1724 siccant.
318 1663 544 1743 Nymphodorus
572 1663 697 1743 lapidem
727 1665 819 1743 ipsum
849 1682 932 1742 quam
960 1665 1167 1742 gravissimum

159 1749 424 1827 spississimumque
441 1751 499 1809 urit
515 1767 607 1828 pruna
629 1757 659 1810 et
678 1758 812 1810 onustum
828 1747 901 1810 cnm
917 1750 986 1810 vino
1003 1750 1167 1826 restinguit

157 1833 324 1911 tunditque,
347 1851 415 1893 mox
435 1833 527 1894 linteo
545 1834 653 1894 cribrat
675 1841 762 1913 atque
784 1837 814 1894 in
828 1835 968 1895 mortario
986 1835 1071 1912 terit,
1093 1851 1168 1894 mox

156 1935 229 1997 aqua
253 1917 350 1996 pluvia
376 1927 503 1978 macerat
527 1919 691 1998 iterumque
715 1920 786 1980 terit
807 1920 886 1999 quod
915 1919 1048 1980 subsedit
1067 1918 1167 1980 donec

157 2019 295 2062 cerussae
319 2002 413 2063 simile
436 2003 503 2081 fiat,
532 2003 609 2064 nulla
631 2004 758 2065 dentium
783 2004 903 2065 offensa.
945 2003 1046 2066 eadem
1067 2003 1207 2070 lollaeao

155 2088 247 2164 ratio,
270 2086 323 2147 sed
340 2105 424 2165 quam
438 2091 622 2168 purissimum
637 2090 721 2168 eligit
735 2089 869 2169 lapidem.

114 2183 164 2236 105
238 2170 319 2252 (23.)
340 2170 484 2234 Cadmeae
504 2173 626 2235 effectus
645 2176 774 2252 siccare,
793 2193 965 2253 persanare,
983 2176 1091 2236 sistere
1109 2174 1166 2235 llu-

154 2257 280 2335 ctiones,
294 2259 431 2345 pterygia
447 2267 477 2320 et
495 2259 591 2320 sordis
609 2259 759 2320 oculorum
771 2277 911 2338 purgare,
926 2259 1092 2321 scabritiam
1108 2279 1165 2320 ex-

113 2361 147 2398 nc
156 2350 292 2421 tenuare,
316 2351 347 2404 et
363 2344 499 2423 quidquid
517 2346 547 2404 in
561 2344 670 2423 plumbi
687 2344 795 2404 ellectu
817 2344 955 2406 dicemus.
985 2345 1049 2406 Aes
1065 2347 1165 2424 ipsum

154 2429 246 2489 uritur
272 2428 307 2489 ad
330 2431 424 2490 omnia
447 2428 548 2490 eadem
573 2437 750 2508 praeterque
776 2429 929 2508 albugines
957 2430 1107 2491 oculorum
1131 2439 1208 2494 etas

154 2514 323 2592 cicatrices,
352 2514 450 2575 ulcera
477 2532 594 2593 quoquc
618 2514 768 2574 oculorum
789 2534 853 2574 curn
877 2515 953 2576 lacte
982 2524 1080 2592 sanat,
1108 2517 1166 2576 ita-

154 2615 210 2676 que
232 2597 375 2677 Aegyptii
398 2598 502 2676 collyri
526 2599 555 2659 id
576 2598 662 2659 modo
686 2608 784 2660 terunt
805 2602 834 2659 in
853 2601 999 2665 coticulis.
1035 2601 1105 2661 iacit
1130 2610 1166 2661 et

110 2691 162 2746 106
173 2683 349 2743 vomitiones
365 2703 382 2744 e
396 2683 483 2744 melle
497 2691 647 2763 sumptum.
673 2685 765 2744 uritur
778 2693 874 2746 autem
888 2683 1025 2765 Cyprium
1041 2687 1070 2745 in
1086 2685 1165 2746 licti-

153 2764 228 2826 libus
246 2767 342 2828 crudis
360 2787 423 2828 cum
439 2769 565 2848 sulpuris
581 2771 643 2848 pari
659 2769 794 2849 pondere
811 2770 905 2850 [vase]
922 2770 1083 2832 circumlito
1100 2773 1165 2850 spi·

152 2861 281 2912 ramento
303 2855 332 2912 in
349 2855 485 2932 caminis,
507 2855 601 2915 donec
618 2873 688 2916 vasa
704 2856 768 2934 ipsa
783 2864 1008 2935 percoquantur.
1044 2856 1163 2935 quidam
1175 2877 1205 2920 co

152 2944 182 2996 et
197 2937 288 2998 salem
310 2938 433 3017 addunt,
460 2940 547 3018 aliqui
563 2939 678 3000 alumen
693 2958 748 3020 pro
768 2941 905 3020 sulpure,
928 2942 976 3002 alii
992 2941 1080 3020 nibil,
1104 2943 1163 3004 sed

152 3030 238 3082 aceto
256 3031 364 3083 tantum
379 3024 565 3104 adspergunt.
598 3033 695 3084 ustum
717 3027 822 3087 teritur
839 3029 978 3088 mortario
995 3025 1161 3107 Thebaico,

151 3123 224 3183 aqua
252 3107 349 3186 pluvia
375 3108 489 3170 lavatur
511 3111 675 3189 iterumque
701 3111 814 3172 adi-ecta
839 3112 970 3190 largiore
993 3115 1100 3174 teritur
1128 3123 1163 3174 et

151 3190 216 3251 dum
239 3194 371 3254 considat
392 3194 582 3272 relinquitur,
609 3194 666 3256 boc
688 3199 824 3276 saepius,
852 3197 947 3258 donec
968 3198 1003 3258 ad
1025 3200 1161 3278 speciem

150 3277 218 3336 mini
236 3277 347 3338 redeat.
376 3286 444 3340 tunc
459 3281 595 3339 siccatum
611 3283 641 3340 in
655 3280 722 3342 sole
737 3283 766 3342 in
781 3300 869 3344 aerea
884 3283 992 3362 pyxide
1010 3293 1159 3346 servatur.
1172 3302 1201 3345 aa

108 3371 159 3427 lot
237 3363 283 3424 11.
310 3362 392 3442 (24.)
417 3362 455 3423 Et
471 3366 567 3424 scoria
591 3368 668 3426 aeris
685 3367 770 3429 simili
787 3368 874 3429 modo
891 3369 1018 3447 lavatur,
1040 3371 1158 3432 minore

151 3446 259 3507 ellectu
283 3466 367 3526 quam
390 3450 484 3527 ipsum
509 3467 568 3510 aes.
606 3451 703 3514 sedet
723 3454 801 3515 aeris
818 3453 872 3514 tlos
895 3453 1056 3515 medicinae
1073 3455 1158 3516 utilis

151 3540 206 3594 est.
243 3533 274 3592 lit
288 3550 357 3592 aere
374 3533 439 3594 iuso
459 3542 490 3595 et
511 3535 541 3595 in
563 3535 634 3595 alias
650 3537 776 3600 fornacis
797 3539 920 3616 tralato,
945 3540 986 3600 ibi
1003 3539 1072 3601 llatu
1090 3557 1160 3601 cre·

362 3821 515 3882 ἢ
