2510 3898
136 215 196 278 136
482 224 513 274 c.
533 225 629 273 ιιιιιι
644 223 795 273 saccum

136 383 240 463 quibus
264 402 301 444 ne
322 384 407 461 ignes
431 382 547 462 quidem
572 390 688 444 nocent.
734 381 821 443 iidem
847 389 877 442 et
900 383 930 442 in
952 381 1139 443 monimenti

135 468 239 547 scalpti
264 475 366 530 contra
382 475 558 528 vetustatem
574 485 692 548 quoque
713 466 874 545 incorrupti
893 474 1081 546 penmanent,
1099 485 1131 527 e:

93 561 144 618 169
156 554 191 613 iis
212 553 324 614 formae
346 554 416 612 liunt
437 553 466 612 in
487 553 591 631 quibus
613 570 682 612 aera
704 551 865 612 funduntur.
910 549 965 611 Est
986 559 1015 611 et
1035 550 1140 610 viridis

135 636 326 699 vehementer
347 638 407 715 igni
430 638 593 714 resistens,
617 637 669 698 sed
691 653 831 715 nusquam
855 637 1012 714 copiosus,
1034 643 1064 696 et
1087 635 1136 695 ubi

134 723 296 801 invenitur,
320 723 394 801 lapis
415 739 474 782 non
490 739 590 782 saxum
606 730 660 782 est.
698 719 723 781 E
740 719 861 798 reliquis
880 720 1003 799 pallidus
1021 722 1050 780 in
1074 737 1138 780 cae·

133 816 231 868 mento
246 825 315 868 raro
331 805 429 884 utilis,
452 806 595 883 globosus
618 815 720 867 contra
734 806 854 866 iniurias
874 805 975 882 fortis,
993 803 1046 866 sed
1063 812 1139 865 stru-

134 900 234 953 cturae
251 891 396 968 infidelis,
411 893 466 951 nisi
481 891 569 950 multa
585 891 795 952 suffrenatione
812 888 973 950 devinctus.
1004 906 1059 950 nec
1075 907 1140 950 cer·

148 978 194 1036 ior
214 975 378 1053 fluviatilis,
394 993 512 1054 semper
528 976 617 1036 veluti
635 977 762 1037 madens.

94 1073 144 1130 170
219 1061 301 1140 (50.)
323 1059 494 1121 Remedium
516 1062 612 1121 estin
635 1060 731 1140 lapide
749 1059 838 1120 dubio
862 1067 977 1120 aestate
995 1077 1059 1120 euru
1078 1059 1139 1118 exi-

134 1164 216 1206 mere
239 1163 295 1206 nec
324 1151 391 1206 ante
414 1145 562 1205 biennium
588 1145 722 1207 inserere
751 1153 831 1206 teoto
861 1144 1002 1222 domitum
1028 1153 1171 1223 tempe-1

135 1231 268 1294 statibus.
308 1247 381 1308 quae
406 1248 445 1290 en
466 1246 503 1291 eo
524 1229 604 1290 laesa
620 1230 730 1291 inerint
748 1230 959 1290 subterraneae
975 1237 1138 1289 structurae

134 1323 270 1395 aptentur
291 1314 407 1394 utilius,
429 1330 504 1394 quae
523 1315 690 1376 restiterint
710 1322 799 1376 tutum
817 1322 865 1376 est
885 1315 934 1376 vel
959 1314 1043 1374 caelo
1059 1331 1138 1373 conn-

133 1402 261 1460 mittere.

91 1494 140 1552 171
219 1485 303 1563 (51.)
328 1481 432 1544 Graeci
459 1503 476 1544 e
506 1483 602 1563 lapide
623 1484 696 1546 duro
718 1493 766 1546 aut
781 1485 865 1545 silice
882 1492 1007 1564 aequato
1023 1490 1137 1544 struunt

136 1570 226 1631 veluti
238 1568 390 1630 latericios
406 1569 545 1648 parietes
576 1587 641 1630 eum
655 1571 695 1630 ita
711 1569 847 1647 iecerut,
863 1569 1018 1630 isodomon
1031 1574 1138 1627 vocant
1148 1583 1178 1624 re

134 1673 228 1754 genus
245 1660 428 1732 structurae,
450 1662 479 1713 at
493 1671 558 1714 cum
572 1654 717 1734 inaequali
739 1653 931 1716 crassitudine
946 1661 1056 1716 structa
1073 1660 1139 1712 sunt

133 1739 213 1800 coria
222 1737 504 1817 ,pseudisodomon
535 1741 652 1800 tertium
672 1748 719 1800 est
733 1739 919 1820 emplecton
941 1736 1138 1799 tantummodo

91 1822 299 1890 tiiircntibus
318 1822 437 1902 politis,
457 1823 571 1903 reliqua
594 1825 716 1885 fortuito
737 1824 901 1885 conlocant.
937 1823 1065 1884 alternas
1090 1839 1139 1881 co-

133 1910 367 1986 agmentationes
384 1908 448 1969 lieri
464 1917 495 1968 ut
508 1909 704 1970 conmissurus
715 1909 948 1972 antecedentium
963 1907 1050 1969 medii
1066 1907 1139 1985 lapi

134 1993 186 2054 des
203 1995 354 2072 optineant
370 1994 567 2054 necessarium
586 2002 650 2071 est,
671 1995 701 2054 in
714 1994 810 2056 medio
830 2011 947 2074 quoque
964 1994 1096 2090 pariete,
1112 1992 1177 2054 siau

132 2096 182 2138 res
197 2079 341 2156 patiatur,
367 2079 391 2137 si
414 2078 507 2138 minus
515 2079 677 2157 ‚utiquea
697 2078 847 2141 lateribus.
878 2077 990 2139 medios
1007 2070 1148 2156 parietes

132 2163 240 2224 farcire
256 2164 357 2224 fractis
375 2163 534 2223 caementis
556 2161 723 2224 diatonicon
741 2172 855 2226 vocant
891 2162 1044 2224 reticulata
1061 2170 1143 2222 stru·

134 2255 231 2326 ctura,
253 2265 308 2326 qua
331 2247 570 2325 frequentissime
584 2247 695 2310 Romae
715 2258 846 2327 struunt,
869 2250 948 2308 rimis
972 2255 1138 2326 opportuna

133 2340 187 2392 est.
230 2339 403 2392 structuram
428 2331 464 2394 ad
494 2349 633 2412 normam,
659 2333 787 2396 libellam
808 2334 891 2412 lieri,
925 2333 960 2394 ad
982 2329 1138 2412 perpendi·

89 2417 247 2483 tldculum
267 2415 451 2496 respondere
468 2426 595 2497 oportet.
647 2419 698 2481 23.
728 2419 811 2499 (52.)
839 2415 988 2480 Cisternas
1010 2416 1177 2478 bareuaecs

131 2519 222 2581 purae
244 2518 369 2581 asperae
397 2504 525 2582 quinque
546 2503 696 2583 partibus,
724 2504 813 2565 calcis
837 2521 920 2584 quam
941 2502 1139 2564 vehementis-

133 2587 223 2647 simae
244 2585 354 2646 duabus
375 2587 506 2647 construi
527 2587 697 2666 fragmentis
726 2588 817 2650 silicis
844 2607 903 2650 non
925 2586 1139 2651 excedentibus
1174 2642 1179 2646 .

132 2669 240 2747 libras,
259 2671 300 2730 ita
322 2670 441 2730 ierratis
467 2672 601 2732 vectibus
623 2673 728 2734 calcari
748 2675 842 2735 solum
856 2675 1045 2754 parietesque
1062 2672 1140 2732 simi·

131 2754 208 2815 liter.
246 2754 345 2814 utilius
365 2756 497 2832 geminas
521 2775 589 2818 esse
610 2766 642 2818 ut
664 2760 764 2838 priore
785 2759 855 2820 vitia
877 2759 1029 2821 considant
1050 2765 1139 2837 atque

131 2857 186 2919 per
203 2838 324 2900 colum
315 2858 345 2899 ιι
363 2855 532 2919 proxumam
550 2851 679 2903 transeat
693 2862 765 2923 pura
782 2863 1179 2925 aquaso

89 2934 141 2990 174
217 2924 299 3005 (53.)
323 2922 442 2986 Calcem
465 2945 482 2986 e
506 2929 589 2988 vario
609 2926 706 3007 lapide
724 2926 797 2990 Cato
820 2930 973 2991 censorius
990 2927 1139 3009 inprobat,

132 3027 170 3070 ex
192 3009 259 3071 albo
281 3010 395 3072 melior.
433 3027 508 3089 quae
531 3030 569 3073 ex
590 3012 662 3073 duro
684 3021 847 3076 structurae
864 3014 981 3093 utilior,
1004 3031 1079 3094 quae
1101 3031 1141 3074 ex
1251 3064 1253 3069 ,

131 3094 266 3154 fistuloso
282 3096 435 3173 tectoriis,
455 3095 491 3156 ad
510 3105 662 3176 utrumque
681 3097 828 3160 damnatur
850 3119 889 3161 en
909 3099 1001 3161 silice.
1037 3098 1140 3158 utilior

131 3179 233 3240 eadem
253 3178 365 3241 effosso
382 3179 478 3259 lapide
497 3199 580 3261 quam
601 3201 639 3244 ex
660 3185 733 3263 ripis
748 3183 892 3246 iluminurn
907 3184 1063 3261 conlecto,
1084 3184 1139 3242 uti-

131 3264 188 3325 lior
205 3283 221 3325 e
236 3264 351 3342 molari,
365 3266 432 3343 quia
446 3274 492 3325 est
507 3267 646 3344 quaedam
662 3269 799 3347 pinguior
814 3279 914 3331 natura
932 3272 1004 3331 eius
1035 3269 1175 3328 minumus

130 3348 254 3429 aliquid,
270 3357 423 3428 postquam
438 3353 564 3431 arserit,
580 3352 699 3414 accendi
716 3356 808 3434 aquis.

87 3443 138 3500 175
211 3434 294 3515 (54)
306 3433 440 3496 Harenas
453 3437 507 3496 tria
519 3455 643 3536 genera:
661 3438 781 3501 fossicia
793 3440 839 3501 cui
853 3447 953 3519 quarta
966 3457 1033 3519 pars
1046 3437 1139 3500 calcis

129 3519 193 3582 addi
211 3519 320 3600 debet,
344 3517 476 3581 fluviatili
494 3531 541 3584 aut
556 3525 683 3584 marinae
699 3527 795 3587 tertia.
834 3526 860 3588 si
875 3534 906 3586 et
922 3533 1017 3586 testae
1031 3532 1139 3585 tunsae
