2510 3898
355 251 435 300 unu.
458 219 549 299 nasu.
572 253 678 300 xxxv.
702 252 744 304 10.
768 239 840 322 (36.)
1055 242 1092 304 81

96 407 186 484 pinxit
207 408 288 464 iuxta
304 405 425 481 Satyros
450 405 550 482 thyrso
571 406 707 484 pollicem
730 409 793 468 eius
814 409 971 469 metientis.
1010 418 1096 488 atque

95 492 123 550 in
138 491 222 550 unius
239 489 323 550 huius
340 489 478 568 operibus
496 489 677 568 intellegitur
692 491 757 572 plus
773 509 890 570 semper
906 509 988 571 quam
1004 495 1097 572 pingi·

95 583 140 633 tur
159 581 209 652 et,
234 591 298 634 cum
313 575 352 633 sit
368 591 414 632 ars
434 591 556 652 summa,
571 575 718 652 ingenium
737 584 831 636 tamen
846 576 920 636 ultra
934 585 1025 636 artem
1041 586 1095 637 est.

95 658 188 736 pinxit
209 666 241 718 et
261 657 352 718 heroa
369 657 574 718 absolutissimi
598 661 698 738 operis
715 668 806 720 artem
824 661 914 738 ipsam
934 659 1096 740 conplexus

16 760 21 811 i
76 743 175 801 cviros
203 742 362 820 pingendi,
391 741 468 820 quod
491 759 565 822 opus
591 762 666 804 nunc
683 743 793 805 Romae
821 746 850 804 in
876 743 987 822 templo
1013 743 1097 804 Pacis

95 833 147 886 est.
195 826 241 905 [7]
259 825 417 886 Euxinidas
439 825 492 887 hac
509 835 606 887 aetate
628 829 726 889 docuit
744 827 893 888 Aristiden
916 827 1094 907 praeclarum
1105 837 1140 893 it

15 934 20 993 5
95 909 253 987 artilicem,
268 907 436 989 llupompus
453 909 630 990 Pamphilum
644 911 759 990 Apellis
777 920 1009 990 praeceptorem.
1043 911 1098 971 Est

15 996 20 1025 ¹
95 993 240 1072 Eupompi
261 995 357 1054 victor
380 997 537 1054 certamine
560 998 693 1072 gymnico
715 995 835 1075 palmam
852 1005 965 1057 tenens.
1004 997 1095 1076 ipsius

95 1080 254 1138 auctoritas
278 1086 355 1138 tanta
377 1079 431 1138 luit
452 1086 483 1138 ut
503 1079 636 1140 diviserit
656 1081 796 1160 picturam
816 1081 845 1140 in
866 1098 986 1158 genera.
1023 1097 1096 1158 quae

67 1161 300 1224 nantceumdno
314 1161 626 1224 tuere-hellanicum
641 1163 837 1225 etAsiatioum
852 1164 1096 1243 appellabant—,

95 1253 219 1325 propter
234 1246 324 1324 hunc,
340 1249 388 1324 qui
405 1255 467 1308 erat
483 1245 654 1326 Sicyonius,
673 1248 767 1309 diviso
782 1247 933 1310 llelladico
952 1250 1007 1308 tria
1022 1249 1097 1308 iacta

13 1380 18 1397 ,
96 1339 179 1406 sunt,
200 1329 347 1406 lonicum,
369 1329 550 1408 Sicyonium,
573 1331 710 1393 Atticum.
742 1333 786 1412 [8]
804 1331 943 1411 Pamphili
956 1334 1138 1410 cognatio'lfi

13 1412 17 1421 '
97 1413 292 1492 et'proelium
315 1414 349 1474 ad
374 1414 535 1476 Phliuntem
560 1434 593 1477 ac
613 1418 735 1477 victoria
758 1416 996 1493 Atheniensium,
1027 1418 1095 1475 item

97 1495 200 1558 Ulixes
219 1500 249 1558 in
267 1507 339 1558 rate.
372 1500 436 1578 ipse
452 1499 572 1561 Macedo
592 1502 727 1578 natione,
748 1499 801 1560 sed
816 1502 925 1579 primus
940 1501 969 1559 in
984 1501 1096 1578 pictura

68 1605 87 1645 rs
98 1583 229 1642 omnibus
241 1583 348 1643 litteris
363 1584 503 1660 eruditus,
518 1587 675 1664 praecipue
687 1585 866 1645 arithmetica
881 1591 911 1644 et
921 1584 1097 1661 geometria,

14 1666 19 1681 ¹
97 1668 160 1728 sine
175 1667 280 1745 quihus
295 1667 421 1744 negabat
436 1677 527 1728 artem
542 1669 642 1746 perlici
659 1686 768 1748 posse,
787 1669 885 1728 docuit
900 1669 1043 1728 neminem
1055 1676 1096 1727 ta·

14 1790 19 1803 .
98 1751 177 1811 lento
186 1752 307 1811 minoris
321 1751 589 1831 annuion3quam
599 1752 763 1813 mercedem
776 1751 935 1831 etApelles
948 1760 977 1812 et
989 1750 1097 1812 lllelan-

13 1830 19 1867 ἲ
98 1835 172 1895 thius
180 1835 290 1896 dedere
303 1837 342 1896 ei.
361 1836 623 1897 huiusanctoritate
632 1837 766 1897 ellectum
774 1836 953 1913 estSieyone
961 1836 1093 1914 primum,
1104 1845 1135 1902 77

10 1940 17 1979 r
54 1941 57 1946 ·
98 1919 200 1980 deinde
223 1921 252 1980 in
269 1927 329 1980 tota
346 1919 485 1996 Graecia,
504 1929 533 1980 ut
550 1922 633 1999 pueri
649 1922 766 1999 ingenui
789 1922 882 1982 omnia
899 1928 965 1981 aute
980 1919 1096 1998 graphi-

70 2020 167 2082 acen,
188 2004 247 2064 hoc
268 2011 313 2064 est
331 2006 536 2084 picturam,;in
557 2005 635 2066 huxo
655 2005 831 2066 docerentur
853 2005 1095 2084 recipereturque

97 2106 140 2148 ars
157 2107 194 2149 ea
213 2090 244 2148 in
260 2089 379 2166 primum
399 2088 517 2166 madum
532 2089 703 2151 liberalium.
733 2107 851 2169 semper
870 2088 985 2168 quidem
1000 2088 1095 2148 honos

97 2173 121 2232 ei
136 2173 191 2233 init
206 2179 239 2231 ut
253 2174 372 2249 ingenui
389 2191 451 2234 eam
466 2182 658 2252 exercerent,
673 2192 742 2234 mox
757 2182 788 2234 ut
802 2173 935 2249 honesti,
951 2180 1096 2252 perpetuo

95 2256 252 2317 interdicto
267 2274 304 2316 ne
322 2259 442 2318 seruitia
457 2256 642 2318 docerentur.
679 2257 747 2319 ideo
765 2275 860 2336 neque
878 2260 907 2316 in
924 2257 978 2318 hac
1000 2273 1096 2334 neque

95 2345 122 2402 in
137 2343 285 2400 toreutice
302 2340 388 2401 ullius
404 2342 452 2419 qui
472 2343 610 2402 servierit
624 2359 715 2421 opera
729 2340 926 2402 celebrantur.
956 2341 999 2419 [9]
1016 2337 1137 2405 clarita

10 2457 12 2500 i
67 2435 123 2490 cet
142 2422 233 2485 cvll.
247 2424 409 2504 olympiade
423 2427 565 2487 exstitere
577 2425 688 2486 Aetion
703 2434 733 2486 et
746 2423 962 2485 Therimachus.
994 2423 1098 2482 Aetio·

96 2512 137 2571 uis
156 2517 225 2570 suut
240 2509 356 2570 nobiles
371 2511 501 2588 picturae
513 2508 602 2572 Liber
617 2518 717 2589 pater,
733 2511 802 2570 item
815 2504 979 2584 Tragoedia
994 2513 1025 2566 et
1040 2503 1096 2566 Go·
1216 2533 1221 2543 s

10 2625 12 2660 l
94 2593 225 2670 moedia,
241 2592 407 2654 Semiramis
426 2611 464 2654 ex
478 2594 581 2654 ancilla
596 2611 717 2671 reguum
733 2595 885 2672 apiscens,
902 2607 972 2652 anus
991 2589 1095 2669 lampa-

94 2679 143 2740 das
158 2679 333 2758 praeferens
349 2685 379 2738 et
394 2695 468 2738 nova
483 2687 572 2756 nupta
588 2677 760 2739 verecundia
775 2675 921 2738 notabilis.
954 2675 1018 2755 [lii]
1035 2673 1092 2734 Ve-
1103 2686 1137 2742 79

94 2781 154 2823 rum
171 2770 203 2822 et
216 2763 309 2823 omnis
320 2763 400 2842 prius
413 2763 531 2840 genitos
543 2762 716 2841 futurosque
728 2769 834 2841 postea
846 2761 994 2840 superauit
1005 2759 1096 2836 Apel-

67 2847 138 2908 aoles
152 2843 232 2907 Cous
254 2845 416 2925 olympiade
433 2844 522 2906 GXll.
559 2847 690 2926 picturae
707 2846 789 2925 plura
804 2845 884 2906 solas
902 2861 996 2923 prope
1012 2860 1095 2921 quam

96 2933 185 2992 ceteri
206 2947 307 2992 omues
326 2931 464 3006 contulit,
487 2929 680 2991 voluminibus
696 2931 781 2991 etiam
796 2929 881 2990 editis
900 2944 974 3006 quae
990 2926 1095 2986 doctri·

96 3033 157 3075 nam
172 3033 236 3076 eam
251 3016 411 3076 continent.
442 3015 598 3095 praecipua
610 3016 673 3076 eius
684 3016 714 3074 in
727 3022 790 3075 arte
804 3019 941 3073 venustas
952 3010 1017 3087 luit,
1032 3025 1105 3077 cum-

97 3099 193 3160 eadem
217 3108 314 3160 aetate
335 3101 456 3160 maxumi
480 3101 610 3178 pictores
637 3106 754 3175 essent,
780 3113 900 3176 quorum
921 3112 1012 3174 opera
1033 3112 1095 3154 cum

97 3183 284 3244 admiraretur
303 3184 434 3246 omnihus
456 3183 650 3260 conlaudatis,
681 3184 787 3244 deesse
805 3181 882 3240 illam
902 3197 981 3240 snam
997 3177 1095 3240 Vene-

67 3286 155 3332 urem
169 3268 307 3347 dicebat,
321 3286 405 3346 quam
417 3267 520 3330 Graeci
534 3265 653 3330 Charita
666 3270 789 3345 vocant,
804 3274 903 3327 cetera
918 3264 1011 3324 omnia
1027 3281 1094 3322 con-

98 3352 199 3430 tigisse
208 3397 218 3432 ,
233 3352 288 3414 sed
304 3352 357 3412 hac
375 3352 438 3414 sola
453 3352 509 3413 sibi
524 3353 666 3414 neminem
681 3370 789 3430 parem.
825 3358 856 3412 et
871 3349 953 3412 aliam
968 3347 1091 3425 gloriam
1103 3355 1137 3410 80

97 3439 263 3518 usurpauit,
287 3453 350 3498 oum
372 3437 548 3516 Protogenis
573 3454 645 3517 opus
670 3437 792 3497 inmensi
819 3434 928 3494 laboris
951 3449 984 3492 ac
1008 3447 1095 3489 curae

97 3524 317 3600 supramodum
342 3523 443 3584 anxiae
466 3524 636 3599 miraretur,
658 3521 730 3581 dixit
747 3521 821 3580 enim
843 3519 937 3578 omnia
959 3513 1094 3574 silicum

136 3622 212 3666 rcum
229 3622 299 3670 nar.
315 3622 392 3668 u1s'r.
409 3607 446 3666 V.
914 3601 932 3660 6
