2510 3898
143 222 182 286 82
492 229 520 278 c.
537 229 631 277 enum
647 226 796 276 suenum

143 389 194 451 illo
212 389 291 469 paria
313 408 380 449 esse
398 396 445 448 aut
460 386 502 446 illi
517 384 657 462 meliora,
680 379 731 444 sed
754 398 811 442 uno
828 398 861 441 se
880 387 1049 458 praestare,
1067 378 1146 456 quod

143 491 254 534 manum
277 473 312 533 de
331 472 427 533 tabula
448 473 538 532 sciret
559 468 684 548 tollere,
706 464 887 528 memorabili
909 470 1070 544 praecepto
1095 479 1147 523 no·

144 578 212 620 cene
231 576 322 637 saepe
337 558 452 618 nimiam
468 555 656 633 diligentiam.
690 553 742 613 luit
757 559 851 611 autem
866 567 924 609 uon
941 548 1061 607 minoris
1079 549 1148 606 sim·

143 643 282 723 plicitatis
311 661 394 720 quam
421 642 502 701 artis.
546 637 705 699 blelanthio
727 636 763 698 de
790 634 984 713 dispositione
1009 631 1148 708 cedebat,

144 726 361 806 Asclepiodoro
383 727 419 786 de
442 725 602 800 mensuris,
627 722 684 782 boc
708 731 753 781 est
776 729 881 798 quanto
899 717 967 796 quid
989 735 1004 776 a
1028 733 1171 795 quoques

100 823 132 877 81
146 812 256 873 distare
274 810 410 871 deberet.
446 811 470 888 {l
482 811 510 889 1]
529 807 636 867 Scitum
652 809 728 866 inter
739 805 927 882 Protogenen
944 811 973 862 et
989 817 1053 862 eum
1069 799 1148 879 quod

144 896 259 956 accidit.
292 895 342 955 ille
362 894 458 955 Rhodi
481 892 615 968 vivebat,
639 909 696 970 quo
716 908 780 951 cum
796 887 920 968 Apelles
943 886 1148 963 adnavigasset

145 980 245 1040 avidus
262 978 459 1056 cognoscendi
478 994 569 1057 opere
585 978 647 1036 eius
663 976 736 1035 lama
749 981 853 1034 tantum
866 971 921 1033 sibi
938 971 1063 1048 cogniti,
1080 987 1149 1030 con-

144 1065 224 1123 tinuo
254 1064 395 1124 cilicinam
428 1065 522 1143 petiit.
566 1060 667 1121 aberat
697 1061 778 1139 ipse,
807 1057 859 1118 sed
884 1056 1009 1116 tabulam
1035 1053 1149 1133 amplae

142 1147 347 1226 magnitudinis
364 1150 393 1207 in
411 1147 540 1207 machina
555 1153 677 1224 aptatam
698 1161 753 1204 una
768 1141 952 1202 custodiebat
968 1158 1047 1200 auus.
1075 1138 1187 1198 baceno

143 1234 216 1294 loris
235 1249 303 1292 esse
315 1231 506 1309 Protogenen
524 1229 678 1308 respondit
689 1227 940 1304 interrogavitque
956 1243 971 1284 a
986 1242 1045 1303 quo
1061 1241 1150 1302 quae·

145 1319 231 1378 situm
249 1317 370 1378 diceret.
403 1315 526 1392 abhoc,
544 1314 636 1393 inquit
651 1312 792 1393 Apelles,
810 1311 990 1389 adreptoque
1008 1306 1149 1387 penicillo

100 1413 135 1469 θῇ
149 1403 245 1463 liniam
267 1420 305 1462 en
321 1401 425 1462 colore
447 1401 528 1460 duxit
544 1415 670 1460 summae
687 1398 835 1458 tenuitatis
850 1413 905 1474 per
926 1393 1060 1455 tabulam.
1103 1410 1151 1452 re-

147 1503 234 1564 verso
251 1485 413 1563 Protogeni
430 1503 502 1564 quae
522 1477 617 1561 gesta'
629 1491 712 1542 erant
727 1499 797 1542 anus
813 1479 959 1540 indicavit.
991 1479 1089 1539 lerunt
1104 1495 1150 1538 ar-

144 1571 250 1631 tificem
268 1573 400 1649 protinus
422 1568 645 1646 contemplatum
672 1565 862 1645 suptilitatem
885 1564 994 1625 dixisse
1019 1561 1188 1642 Apelleum

143 1657 278 1730 venisse,
305 1672 364 1714 non
394 1655 469 1713 enim
491 1651 597 1712 cadere
624 1653 654 1711 in
679 1650 765 1711 alium
792 1659 847 1709 tam
874 1648 1038 1710 absolutum
1062 1665 1150 1726 opus,

144 1741 295 1817 ipsumque
319 1737 502 1798 alio‘eolore
528 1736 692 1796 tenuiorem
707 1734 803 1799 liuiam
826 1736 854 1794 in
876 1736 938 1814 ipsa
959 1732 1008 1793 illa
1029 1733 1151 1805 duxisse

146 1823 360 1900 abeuntemque
383 1821 592 1901 praecepisse,
614 1821 638 1879 si
659 1819 787 1880 redisset
803 1819 870 1897 ille,
899 1817 1072 1879 ostenderet
1090 1816 1150 1876 adi-

145 1914 285 1984 ceretque
316 1906 391 1966 bunc
423 1925 490 1966 esse
529 1922 614 1984 quem
646 1913 820 1982 quaereret,
850 1913 937 1984 atque
967 1905 1006 1962 ita
1038 1903 1150 1962 evenit.

144 1993 267 2051 revertit
289 1991 364 2050 enim
380 1989 504 2070 Apelles
527 1997 557 2050 et
581 1989 657 2050 vinci
679 1989 858 2050 erubescens
877 1990 966 2049 tertio
989 1987 1091 2048 colore
1114 1986 1188 2046 li-ao

101 2078 207 2142 sanias
227 2077 320 2135 secuit
340 2074 447 2135 nullum
467 2074 638 2152 relinquens
658 2073 780 2153 amplius
804 2073 956 2153 suptilitati
979 2073 1085 2133 locum.
1119 2081 1151 2133 at

144 2159 330 2237 Protogenes
349 2161 453 2220 victum
476 2179 509 2220 se
531 2159 685 2219 confessus
707 2161 736 2218 in
757 2167 872 2238 portum
887 2157 1035 2219 devolavit
1050 2156 1151 2237 bospi-

145 2252 203 2305 tem
228 2260 390 2322 quaerens,
419 2244 585 2324 placuitque
611 2245 653 2304 sic
680 2261 743 2304 eam
764 2242 888 2304 tabulam
914 2244 1043 2323 posteris
1073 2240 1150 2302 tradi

146 2329 270 2388 omnium
294 2329 425 2408 quidem,
457 2328 509 2390 sed
537 2328 675 2389 artificum
700 2329 859 2408 praecipuo
879 2327 1029 2390 miraculo.
1080 2344 1151 2388 con-

145 2421 284 2491 sumptam
303 2433 365 2474 eam
381 2416 481 2492 priore
498 2413 633 2474 incendio
653 2410 788 2474 Caesaris
806 2413 906 2474 domus
926 2415 955 2474 in
970 2412 1082 2474 Palatio
1101 2425 1188 2472 au-as

144 2497 209 2574 dio,
237 2506 396 2578 spectatam
419 2498 529 2578 [nobis]
552 2507 620 2559 ante
648 2498 778 2578 spatiose
805 2498 875 2559 nihil
899 2499 975 2559 aliud
999 2498 1150 2560 eontinen-

145 2591 202 2640 tem
222 2599 304 2659 quam
326 2583 411 2642 linias
435 2584 528 2642 visum
552 2582 720 2661 effugientis
741 2584 818 2644 inter
846 2585 968 2662 egregie
994 2582 1151 2644 multorum

145 2683 236 2744 opera
260 2667 336 2726 inani
353 2667 477 2726 similem
496 2676 527 2726 et
551 2683 588 2728 eo
610 2669 677 2748 ipso
695 2667 879 2728 adlicientem
897 2671 1032 2748 omnique
1055 2685 1151 2747 opere

100 2761 135 2814 84
146 2749 332 2814 nobiliorem.
374 2750 438 2831 [12]
462 2750 561 2830 Apelli
588 2752 642 2812 luit
669 2751 776 2831 alioqui
801 2762 942 2833 perpetua
966 2751 1150 2814 consuetudo

143 2851 294 2912 numquam
309 2843 364 2895 tam
383 2845 552 2915 occupatum
568 2835 643 2896 diem
663 2836 767 2915 agendi
784 2846 889 2898 utnon
905 2839 1000 2900 liniam
1015 2835 1150 2899 ducendo
1160 2849 1188 2891 3⁰

144 2929 300 2980 exerceret
326 2929 434 2998 artem,
460 2920 538 2998 quod
561 2921 655 2982 abeo
679 2924 708 2981 in
726 2922 913 3001 proverbium
935 2925 1024 2984 venit.
1071 2923 1150 2984 idem

144 3005 275 3082 perlecta
292 3023 382 3085 opera
404 3006 589 3084 proponebat
610 3007 638 3067 in
660 3007 781 3086 pergula
803 3008 1037 3085 transeuntibus,
1059 3016 1148 3087 atque

142 3089 207 3166 ipse
233 3098 302 3166 post
326 3090 450 3150 tabulam
470 3089 563 3150 latens
582 3093 651 3151 vitia
673 3109 746 3171 quae
772 3101 941 3155 notarentur
966 3091 1148 3154 auscultabat
1237 3089 1239 3162 ἓ

99 3183 133 3236 85
145 3172 262 3250 volgum
275 3173 490 3252 diligentiorem
503 3175 625 3236 iudicem
638 3187 722 3255 quam
735 3194 768 3237 se
784 3177 975 3257 praeferens,
991 3179 1147 3257 feruntque
1236 3165 1238 3170 ’

142 3256 352 3336 reprehensum
369 3277 384 3318 a
405 3267 524 3336 sutore,
541 3260 617 3340 quod
633 3263 662 3320 in
677 3261 803 3340 crepidis
824 3280 879 3322 una
894 3264 1048 3342 panciores
1068 3262 1182 3322 intus³⁵

140 3341 262 3402 lecisset
278 3361 374 3420 ansas,
394 3344 498 3404 eodem
515 3354 637 3424 postero
655 3345 702 3406 die
719 3345 848 3425 superbo
868 3344 1071 3409 emendatione
1087 3350 1147 3427 pri·
1222 3360 1227 3371 ·

140 3426 234 3487 stinae
259 3427 462 3489 admonitionis
483 3430 636 3492 cavillante
665 3431 741 3491 circa
764 3448 849 3510 erus,
878 3433 1052 3512 indignatum
1077 3450 1147 3514 pno-
1221 3418 1227 3499 l

140 3513 277 3592 spenisse
302 3512 517 3574 denuntiantem
547 3533 583 3576 ne
606 3533 692 3596 supra
720 3515 865 3595 crepidam
888 3527 971 3579 sutor
991 3517 1145 3595 iudicaret,
1221 3553 1222 3578 3
