2510 3898
252 192 254 196 ⁷
318 238 400 287 nan.
418 237 509 288 ruer.
524 239 658 286 xxxvu.
672 237 696 292 9.
715 240 755 292 lo.
768 236 826 307 (53.
844 231 903 306 ss.)
1050 231 1108 292 169

111 393 298 456 Alabastritis
319 395 447 454 nascitur
466 395 495 453 in
512 393 669 455 Alabastro
685 394 815 474 Aegypti
836 402 867 455 et
889 396 918 456 in
937 395 1039 474 Syriae
1053 397 1110 458 Da·

110 495 207 540 marco
228 478 354 538 caudore
376 479 561 539 interstincto
582 481 672 540 variis
692 479 852 540 coloribus.
894 478 967 540 baec
984 489 1109 542 cremata

110 581 172 624 cum
187 561 283 623 fossili
299 562 362 623 sale
377 564 490 622 attrita
504 565 664 641 gravitates
682 565 742 623 oris
759 571 790 624 et
805 563 933 624 dentium
949 571 1116 628 extenuare

110 646 221 708 dicitur.
244 645 412 707 blectorias
424 656 529 707 vocant
540 649 570 707 in
580 647 750 708 ventriculis
759 646 985 726 gallinaceorum
995 650 1152 715 iuven-144

89 739 153 792 stas
174 729 343 807 crystallina
368 731 486 810 specie,
510 731 705 809 magnitudine
725 732 828 810 fabae,
851 732 956 810 quibus
971 731 1109 794 blilonem

1 879 2 894 p
112 813 325 876 Grotonensem
338 832 420 875 usum
434 816 464 875 in
478 815 682 876 certaminibus
693 817 830 876 invictum
843 816 936 876 fuisse
950 815 1044 878 videri
1058 835 1110 878 vo·

111 898 178 959 lunt.
209 897 408 960 Androdamas
423 901 538 978 argenti
552 901 676 960 nitorem
692 900 782 961 babet
797 908 828 960 ut
842 900 974 979 adamas,
989 901 1109 980 quadra·

1 1019 2 1034 1
110 985 146 1044 tis
157 999 276 1061 semper
290 982 420 1044 tessellis
435 983 546 1044 similis.
574 982 651 1062 blagi
667 992 767 1063 putant
781 1002 887 1046 nomon
901 986 1058 1064 inpositum
1073 986 1110 1047 ab

110 1085 147 1129 eo
163 1067 242 1146 quod
259 1067 383 1146 impetus
403 1067 548 1128 bominum
567 1076 598 1129 et
619 1068 780 1129 iracundias
802 1069 908 1130 domet.
943 1069 1111 1147 Argyroda-

75 1165 100 1207 1o
108 1170 168 1212 mas
186 1149 287 1211 eadem
303 1152 341 1212 sit
357 1169 393 1213 an
413 1151 469 1212 alia
491 1161 626 1214 auctores
648 1169 707 1213 non
724 1153 882 1232 explicant.
915 1145 1089 1233 antipathes
1102 1165 1152 1221 rte

108 1239 191 1314 nigra
207 1252 267 1296 non
281 1234 414 1297 tralucet.
450 1237 679 1314 experimentum
695 1239 759 1298 eius
776 1245 808 1297 ut
823 1245 964 1316 coquatur
978 1240 1007 1298 iu
1021 1238 1109 1317 lacte,

107 1323 177 1382 facit
191 1321 268 1381 enim
285 1318 314 1379 id
331 1336 444 1381 murrae
465 1319 569 1381 simile.
608 1322 767 1382 inmensum
783 1321 917 1400 quiddam
933 1321 1032 1382 iubae
1051 1323 1111 1383 for·

108 1405 197 1466 tassis
213 1403 317 1483 aliquis
333 1412 488 1484 exspectet
504 1405 534 1464 in
549 1413 594 1465 tot
604 1405 747 1484 exemplis
759 1407 807 1465 uni
818 1407 1011 1484 possessione
1026 1405 1109 1466 huius

1 1561 2 1576 χ
107 1489 232 1550 nominis
251 1488 324 1548 date.
355 1497 456 1550 contra
472 1488 706 1550 effascinationes
730 1489 861 1552 auxiliari
882 1507 946 1550 eam
959 1488 1037 1568 llagi
1060 1508 1110 1550 vo·

1 1579 2 1612 ³
73 1574 177 1634 reluat.
205 1571 333 1633 Arabica
348 1573 432 1634 ebori
448 1572 590 1634 simillima
607 1581 670 1651 est,
686 1583 716 1634 et
732 1572 788 1634 boc
804 1573 970 1651 videretur,
988 1575 1044 1634 nisi
1061 1575 1110 1634 ab·

1 1655 2 1708 ἒ
106 1664 213 1718 nuoret
225 1657 337 1718 duritia.
355 1657 429 1718 banc
441 1665 542 1736 putant
553 1665 654 1718 contra
667 1656 787 1718 dolores
799 1674 954 1718 nervorum
965 1658 1110 1737 prodesse

1 1761 2 1778 ¹
105 1741 292 1803 habentibus
331 1741 502 1802 Aromatitis
520 1751 550 1802 et
572 1743 636 1821 ipsa
650 1743 680 1801 in
695 1741 805 1803 Arabia
819 1743 982 1820 invenitur,
1006 1743 1059 1803 sed
1080 1751 1111 1804 et

1 1835 3 1880 l
106 1828 137 1886 in
151 1824 292 1904 Aegypto
315 1827 392 1886 circa
404 1824 518 1902 Philas,
534 1826 643 1905 ubique
665 1825 796 1907 lapidosa
819 1834 850 1887 et
863 1845 978 1887 murrae
999 1826 1109 1888 coloris

1 1935 2 1960 t
107 1918 139 1971 et
150 1909 264 1986 odoris,
281 1909 319 1970 ob
331 1908 388 1971 hoc
397 1911 509 1988 reginis
520 1910 711 1989 frequentata.
740 1910 888 1972 llsbestos
902 1911 933 1970 in
944 1910 1088 1972 Arcadiae
1104 1923 1153 1978 146

73 1994 256 2055 ornantibus
277 1995 404 2054 nascitur
426 1992 535 2054 coloris
560 1995 659 2056 ferrei.
698 1995 858 2076 Aspisatim
876 1993 1060 2056 Democritus
1082 1998 1110 2056 in

107 2077 220 2139 Arabia
231 2079 310 2138 nasci
327 2079 411 2139 tradit
421 2079 502 2156 ignei
514 2079 635 2156 coloris,
652 2088 682 2140 et
694 2089 834 2160 oportere
850 2099 913 2141 cum
928 2080 1030 2141 cameli
1044 2081 1110 2140 fimo

108 2162 251 2242 splenicis
269 2160 435 2240 adalligari,
448 2163 581 2241 inveniri
601 2165 701 2243 utique
722 2166 752 2225 in
766 2165 834 2225 nido
850 2164 1040 2225 Arabicarum
1061 2165 1111 2225 ali-

108 2255 176 2307 tum.
199 2253 232 2307 et
246 2245 331 2306 aliam
342 2246 446 2308 eodem
459 2249 574 2308 nomine
586 2247 627 2308 ibi
643 2249 673 2308 in
684 2247 867 2328 Leucopetra
882 2250 961 2308 nasci
976 2251 1109 2327 argentei

108 2331 238 2407 coloris,
256 2329 434 2408 radiantem,
448 2338 549 2391 contra
565 2330 741 2410 lymphatum
756 2331 928 2393 habentium.
963 2331 1090 2394 iltiuoen
1104 2343 1150 2398 iti

72 2417 138 2478 asin
156 2414 238 2476 ludia
266 2423 297 2475 et
316 2414 444 2476 Persidis
467 2414 597 2476 Acidane
624 2424 724 2476 monte
744 2417 823 2476 nasci
846 2423 988 2494 argenteo
1015 2418 1110 2478 nitore

107 2499 288 2578 fulgentem,
306 2499 503 2578 magnitudine
521 2501 606 2559 trium
622 2498 795 2578 digitorum,
818 2499 853 2560 ad
866 2499 1110 2578 lenteculaeiigu·

1 2605 2 2658 i
107 2601 185 2658 ram,
205 2584 306 2644 odoris
321 2583 453 2662 iucundi,
475 2583 670 2645 necessariam
684 2582 778 2662 blagis
793 2603 895 2662 regem
911 2585 1111 2646 constituenti-

1 2683 2 2704 ³
107 2668 173 2729 bus.
221 2666 337 2745 Angitis
363 2666 501 2728 nonalia
526 2666 760 2729 videturmultis
787 2685 960 2747 essequam
981 2668 1154 2747 calisinam

107 2750 308 2831 Amphidanes
327 2751 385 2813 alio
406 2754 522 2813 nomine
537 2751 721 2829 chrysocolla
738 2753 918 2832 appellatur,
943 2770 1065 2813 nascens
1083 2755 1111 2812 in

72 2835 210 2897 coludiae
230 2843 315 2914 parte
330 2835 379 2896 ubi
394 2837 534 2897 formicae
550 2844 654 2898 eruunt
671 2855 785 2912 aurum,
802 2839 904 2915 inquo
921 2844 951 2896 et
967 2838 1113 2897 invenitur

107 2925 181 2981 aur'o
194 2919 298 2980 similis
313 2919 450 2998 quadrata
465 2920 577 2998 ligura,
593 2921 756 2981 adfirmatur
770 2929 870 2982 natura
886 2921 949 2981 eius
966 2938 1040 2998 quae
1056 2937 1113 2979 ma·

108 3005 208 3082 gnatis
219 3021 299 3082 esse,
311 3005 367 3064 nisi
379 3003 457 3083 quod
468 3021 578 3082 augere
589 3021 706 3083 quoque
718 3023 816 3065 aurum
827 3003 957 3064 traditur.
978 3002 1092 3083 Aphro·
1104 3013 1155 3069 148

109 3088 219 3150 disiaca
236 3105 277 3149 ex
294 3087 415 3148 candido
430 3088 494 3148 rufa
509 3097 564 3149 est.
603 3088 752 3168 Apsyctos
768 3090 900 3167 septenis
916 3087 1019 3147 diebus
1035 3087 1111 3148 calo·

108 3191 173 3232 rem
191 3181 275 3234 tenet
290 3171 469 3234 excalefacta
484 3174 558 3251 igni,
580 3175 662 3251 nigra
677 3191 711 3233 ac
726 3174 908 3252 ponderosa,
934 3171 1113 3252 distinguen-

72 3271 98 3314 os
109 3256 189 3317 tibus
207 3275 271 3319 eam
286 3259 369 3318 venis
385 3257 565 3318 rubentibus.
593 3265 694 3336 putant
715 3257 859 3336 prodesse
875 3266 975 3319 contra
990 3257 1111 3336 frigora.

1 3417 2 3420 Ἴ
109 3340 312 3422 Aegyptillam
331 3340 451 3402 lacobus
472 3341 619 3418 intellegit
643 3359 698 3420 per
720 3341 815 3402 album
844 3341 946 3402 sardae
972 3344 1111 3420 nigraque

108 3428 195 3486 venis
218 3427 453 3503 transeuntibus,
475 3426 580 3504 volgus
597 3434 691 3486 autem
708 3427 739 3486 in
755 3426 837 3504 nigra
856 3425 955 3486 radice
978 3424 1112 3484 caerulea

108 3509 202 3589 facie,
220 3527 327 3572 nomen
343 3530 360 3572 a
374 3511 443 3572 loco
