2510 3898
200 207 259 268 1itt
353 237 355 240 v
550 215 580 264 c.
597 184 693 262 111111
709 212 858 262 secundi

156 385 191 440 19
265 373 348 454 (11.)
372 371 519 449 Onychom
535 371 705 434 indrabiae
723 377 830 430 tautum
844 367 989 429 montibus
1006 385 1061 428 nec
1078 384 1208 446 usquam

198 459 286 519 aliubi
303 459 383 518 nasci
407 466 548 535 putavere
571 456 664 517 nostrl
685 464 824 533 veteres,
844 452 968 513 Sudines
990 453 1020 512 in
1039 449 1205 513 Carmania.

198 544 323 623 potoriis
348 543 469 622 primum
491 543 567 602 vasis
591 539 659 601 inde
686 541 788 617 lactis,
816 539 883 600 dein
905 537 1029 618 pedibus
1055 537 1206 596 lectorum

198 627 360 706 sellisque,
387 625 490 705 Nepos
513 625 667 687 Cornelius
699 625 786 686 tradit
810 642 915 702 magno
941 623 1034 684 luisse
1054 621 1205 682 miraculo

199 731 262 772 cum
276 711 308 772 P.
324 710 463 772 Lentulus
480 711 617 790 Spinther
631 710 784 790 amphoras
799 728 837 772 ex
852 727 889 770 11
907 707 1044 770 Chiorum
1057 707 1231 784 maguitu·s

114 827 118 835 ·
197 797 264 856 dine
281 797 416 857 cadorum
429 796 625 874 ostendisset,
640 803 708 875 post
721 795 944 874 quinquennium
959 791 1064 853 deiude
1080 793 1205 870 triginta

155 881 320 944 cornorum
336 881 441 960 pedum
455 879 634 959 longitudine
650 879 796 941 columnas
812 879 921 940 vidisse
939 897 981 939 se.
1014 879 1156 937 variatum
1170 880 1204 938 in

197 965 253 1024 hoc
266 965 366 1047 lapide¹
385 973 414 1025 et
431 974 536 1044 postea
554 973 615 1043 est,
632 983 754 1045 namque
772 982 826 1043 pro
842 962 979 1025 miraculo
994 963 1101 1040 insigni
1117 971 1204 1041 quat-

198 1058 266 1109 tuor
276 1050 403 1110 modicas
417 1052 446 1110 in
463 1050 578 1111 theatro
595 1068 648 1110 suu
659 1049 812 1110 Cornelius
821 1049 927 1109 Balbus
945 1048 1054 1127 posuit,
1070 1064 1124 1108 nos
1142 1065 1203 1108 am·

197 1133 308 1211 pliores
324 1136 442 1212 triginta
460 1134 581 1195 vidimus
600 1135 630 1194 iu
643 1135 796 1196 cenatione
810 1151 894 1214 quam
907 1130 1045 1194 Callistus
1060 1130 1203 1194 Caesaris
1214 1152 1243 1196 ro

198 1215 298 1278 Claudi
325 1219 496 1281 libertorum
522 1222 654 1298 potentia
678 1229 764 1281 notus
793 1219 849 1280 sibl
872 1217 1120 1279 exaedificaverat.
1169 1217 1202 1279 8.

196 1301 278 1363 Η111
295 1304 383 1382 aliqui
405 1305 529 1384 lapidem
544 1305 732 1366 alabastriten
747 1311 854 1364 vocant
860 1347 870 1382 ,
891 1321 976 1382 quem
990 1311 1092 1363 cavant
1111 1309 1142 1362 et
1162 1303 1203 1364 ad

196 1405 266 1449 vasa
282 1391 491 1467 unguentaria,
508 1391 643 1468 quoniam
664 1397 781 1468 optume
797 1406 917 1448 seruare
934 1389 1102 1465 incorrupta
1119 1386 1202 1447 dica·

154 1482 185 1536 61
201 1480 256 1532 tur,
280 1473 356 1534 ldern
367 1482 397 1535 11
409 1483 490 1534 ustus
507 1475 672 1554 emplastris
685 1475 831 1534 convenit.
847 1473 974 1534 nascitur
990 1472 1067 1532 circa
1078 1469 1201 1532 Thebas

195 1557 360 1637 Aegyptias
377 1568 406 1619 et
421 1558 590 1620 Damascum
609 1559 720 1636 Syriae.
756 1557 803 1618 hic
818 1559 926 1619 ceteris
941 1556 1105 1634 candidior,
1127 1573 1202 1636 pro·
1213 1573 1240 1616 11

195 1641 360 1702 batissimus
378 1662 450 1704 vero
472 1646 501 1704 in
519 1641 684 1720 Carmania,
709 1661 777 1704 mox
797 1642 938 1722 inludia,
963 1645 1019 1702 iam
1034 1641 1150 1719 quidem
1166 1651 1202 1702 et

196 1728 225 1784 in
250 1725 333 1802 Syria
359 1727 506 1806 Asiaque,
527 1727 683 1788 vilissimus
705 1735 801 1788 autem
823 1735 854 1788 11
882 1729 945 1788 sine
965 1726 1026 1787 ullo
1048 1727 1145 1786 nitore
1166 1727 1201 1786 in

197 1805 388 1888 Cappadocia.
410 1812 571 1890 probantur
584 1829 665 1889 quam
676 1829 806 1876 maxume
818 1811 916 1872 mellei
929 1812 1050 1888 coloris,
1065 1811 1094 1870 in
1105 1811 1199 1871 verti·

195 1911 246 1953 ces
268 1894 408 1956 maculosi
429 1905 514 1974 atque
534 1913 592 1956 nou
608 1895 747 1960 tralucidi.
778 1897 848 1956 vitia
861 1898 890 1956 in
904 1897 939 1956 ils
959 1912 1085 1957 corneus
1108 1895 1197 1956 colos

195 1986 243 2043 aul.
258 1979 393 2040 candidus
411 1990 440 2041 et
456 1980 593 2060 quidquid
608 1981 710 2042 similis
724 1983 799 2041 vitro
819 1988 874 2041 est.
1208 1995 1236 2038 ao

151 2073 186 2126 61
260 2061 339 2144 (13.)
365 2062 483 2124 Paulum
507 2065 615 2126 distare
636 2066 671 2126 ab
694 2084 731 2126 eo
751 2068 781 2125 in
804 2073 1015 2143 unguentorum
1036 2063 1092 2124 lide
1111 2063 1197 2126 multi

195 2147 359 2208 existimant
376 2148 511 2227 lygdinus
528 2152 558 2210 iu
576 2149 651 2210 Paro
667 2160 802 2230 repertos
823 2148 1009 2229 amplitudine
1031 2165 1087 2229 qua
1101 2147 1197 2211 laucis

193 2240 383 2312 craterasque
404 2252 462 2294 non
485 2234 643 2312 excedant,
665 2244 750 2296 antea
772 2254 810 2295 ex
829 2234 940 2295 ¹Arabia
963 2243 1071 2295 tantum
1088 2232 1196 2296 advehi

193 2315 315 2394 solitos,
335 2317 469 2380 candoris
486 2321 593 2381 eximii.
623 2338 743 2396 magnus
761 2328 791 2381 et
806 2319 918 2380 duobus
934 2320 1097 2379 contrariae
1115 2319 1198 2380 inter

192 2420 227 2462 se
245 2409 364 2463 naturae
382 2403 493 2482 hunos,
515 2403 678 2465 corallitico
693 2406 722 2463 in
737 2404 810 2464 Asia
826 2411 948 2483 reperto
965 2421 1117 2463 mensurae
1133 2419 1234 2466 nonas

191 2485 268 2546 ultra
284 2487 351 2547 hiua
367 2488 480 2564 cubita,
504 2488 630 2549 candore
649 2506 792 2568 proxumo
811 2489 895 2550 ebori
912 2497 942 2549 11
958 2487 1077 2568 quadam
1092 2488 1196 2550 simili-

191 2571 298 2631 tudine.
330 2572 477 2633 ediverso
493 2575 578 2650 niger
593 2582 638 2634 111
654 2572 847 2634 Alabandicus
863 2582 961 2634 terrae
977 2591 1047 2633 suae
1063 2573 1195 2652 nomine,

192 2671 360 2732 quamquam
376 2655 513 2717 111111111
531 2676 671 2735 nascens,
695 2659 730 2717 ad
752 2676 906 2737 purpuram
927 2667 1021 2718 tamen
1037 2659 1128 2735 magis
1144 2657 1197 2718 ad·

191 2746 295 2816 spectu
319 2739 491 2801 declinante.
522 2741 598 2802 idem
613 2742 738 2821 liquatur
760 2745 821 2820 igni
841 2741 1025 2820 funditurque
1052 2742 1088 2802 ad
1108 2760 1196 2802 usum

147 2824 269 2888 6311111.
301 2822 464 2886 Thebaicus
481 2825 553 2904 lapis
569 2828 880 2888 1111111111111111111
896 2827 986 2903 guttis
1001 2827 1148 2887 iuvenitur
1162 2827 1231 2888 inno

189 2907 309 2970 Africae
325 2918 408 2988 parte
422 2915 559 2989 Aegypto
576 2911 736 2991 adscripta,
758 2911 890 2972 coticulis
913 2910 948 2970 ad
963 2910 1084 2972 terenda
1099 2910 1194 2988 colly-

189 2994 231 3052 ria
248 2993 367 3070 quadam
388 2995 513 3055 utilitate
533 2995 654 3056 naturali
671 2998 865 3073 conveniens,
889 2997 965 3056 circa
982 2995 1100 3072 Syenen
1115 3013 1192 3057 vero

189 3074 354 3138 Thebaidis
362 3081 492 3156 syenites
508 3098 593 3159 quem
610 3089 695 3142 autea
708 3077 958 3157 pyrrhopoecilon
972 3083 1123 3145 vocabant.

147 3170 181 3224 ot
253 3163 334 3242 (14.)
349 3162 460 3225 Trabes
478 3183 516 3224 ex
530 3183 567 3225 eo
583 3166 684 3226 111111
700 3183 789 3242 reges
803 3165 924 3243 quodam
942 3167 1100 3226 certamine
1116 3166 1192 3227 obe·

188 3245 277 3305 liscos
297 3257 455 3326 vocantes,
481 3247 559 3308 Solis
580 3251 685 3309 numini
708 3257 847 3310 sacratos.
887 3249 1032 3310 radiorum
1055 3251 1118 3310 eius
1144 3268 1225 3312 arae

187 3339 354 3409 gumentum
375 3333 404 3392 in
426 3333 525 3410 elligie
548 3342 610 3411 est,
633 3337 672 3395 ita
695 3335 874 3411 significatur
893 3335 1009 3395 nomine
1024 3335 1189 3414 Aegyptio.

189 3415 232 3495 [1]
259 3415 367 3494 primus
390 3418 513 3479 omnium
536 3417 564 3478 id
584 3419 708 3480 instituit
729 3417 903 3500 lllespheres
923 3421 971 3499 qui
994 3420 1138 3498 regnabat
1158 3422 1191 3481 in

187 3497 266 3560 Solis
281 3501 352 3562 urbe
369 3503 481 3564 somnio
493 3504 597 3564 iussus.
613 3503 670 3566 hoc
683 3506 777 3584 ipsum
791 3507 959 3585 inscriptum
971 3505 1001 3566 in
1015 3523 1062 3584 ec,
1078 3507 1192 3567 etenim
