2510 3898
137 228 196 290 tito
482 237 511 286 o.
534 235 801 286 111111111111

134 414 254 476 porum,
279 395 316 456 ob
340 395 397 456 hoc
420 394 525 455 talibus
550 393 715 473 emplastris
736 392 974 470 malagmatisque
993 391 1141 452 miscetur.

134 481 254 541 renibus
278 498 395 559 quoque
412 487 443 540 et
460 479 563 539 lumbis
589 480 618 538 in
633 477 738 539 dolore
754 495 817 537 cum
832 475 917 553 adipe
932 477 1005 536 mire
1021 474 1145 554 prodest

134 567 301 644 inpositum.
333 565 428 625 aufert
444 572 475 624 et
495 563 625 624 lichenas
642 564 729 623 iaciei
744 580 807 622 cum
823 559 981 621 terebinthi
999 561 1098 622 resina
1114 570 1146 621 et

134 651 232 729 lepras
245 651 364 728 harpax.
391 651 431 708 ita
443 656 565 708 vocatur
577 667 593 708 a
607 647 760 708 celeritate
772 645 950 726 prendendi,
965 644 1052 706 avelli
1067 647 1147 706 enim

93 745 142 801 177
152 735 275 795 subinde
289 733 387 795 debet.
419 732 541 815 prodest
556 741 585 793 et
600 733 770 811 suspiriosis
787 731 887 807 linctu,
903 729 1057 809 purulenta
1073 749 1147 810 quo·
1163 752 1179 792 a

134 838 190 899 que
212 818 441 880 extussientibus
470 826 500 879 et
521 826 623 878 contra
647 817 833 896 scorpionum
855 816 938 875 ictus.
983 814 1146 892 vitiligines

134 905 231 964 vivom
253 905 330 964 nitro
355 906 474 964 mixtum
496 911 583 981 atque
607 920 645 964 ex
665 909 749 963 aceto
767 902 864 960 tritum
881 909 911 960 et
927 899 1038 960 inlitum
1054 900 1145 976 tollit,

133 990 204 1048 item
232 987 352 1066 lendes,
378 997 408 1050 et
431 990 460 1049 in
481 987 632 1067 palpebris
653 995 738 1057 aceto
765 985 953 1046 sandaracato
978 985 1145 1046 admixtum.

134 1071 231 1133 Habet
250 1082 278 1133 et
303 1075 332 1132 in
353 1073 547 1151 religionibus
563 1072 658 1132 locum
682 1071 717 1132 ad
736 1068 894 1149 expiandas
914 1070 1010 1130 suihtu
1029 1069 1144 1131 domos.

134 1159 259 1218 sentitur
275 1159 320 1217 vis
339 1160 402 1219 eius
419 1166 449 1219 et
473 1159 502 1218 in
517 1161 599 1236 aquis
620 1155 824 1233 ferventibus,
849 1173 944 1233 neque
967 1154 1023 1215 alia
1038 1173 1088 1215 res
1103 1155 1146 1215 ia·
1160 1174 1187 1216 11

134 1241 219 1303 cilius
235 1242 419 1321 accenditur,
437 1260 495 1321 quo
509 1242 631 1322 adparet
646 1242 756 1320 ignium
771 1241 829 1300 uim
845 1257 974 1318 magnam
989 1241 1017 1300 ei
1033 1241 1144 1300 inesse.

133 1325 271 1408 iulmina,
295 1331 410 1405 fulgura
436 1347 552 1408 quoque
579 1328 705 1408 sulpuris
732 1327 853 1387 odorem
878 1325 1002 1404 habent,
1038 1341 1071 1384 ac
1093 1323 1147 1384 lux

132 1414 196 1491 ipsa
216 1429 318 1472 eorum
335 1410 472 1490 sulpurea
488 1418 543 1471 est.

93 1507 144 1563 178
204 1492 284 1577 (51.)
304 1493 342 1556 Et
356 1495 502 1556 bituminis
521 1497 615 1556 vicina
630 1503 730 1554 natura
749 1501 812 1570 est,
828 1492 916 1553 aliubi
934 1491 1035 1570 limus,
1053 1491 1145 1554 aliubi

92 1588 241 1658 santerna,
257 1580 341 1641 limus
358 1580 512 1642 eludaeae
528 1580 608 1658 lac'u,
625 1588 656 1640 ut
672 1578 812 1655 diximus,
829 1595 1002 1656 emergens,
1020 1586 1098 1638 terra
1114 1579 1185 1641 in1s

135 1663 219 1741 Syria
241 1666 318 1726 circa
340 1663 478 1726 Sidonem
500 1665 636 1744 oppidum
659 1665 839 1724 maritimum.
885 1664 1048 1743 spissantur
1070 1660 1145 1723 baec
1241 1663 1247 1674 '

135 1757 258 1828 utraque
274 1757 304 1810 et
319 1751 348 1809 in
364 1749 538 1810 densitatem
553 1757 669 1810 coeunt.
697 1757 744 1810 est
758 1767 831 1810 uero
848 1747 986 1828 liquidum
1001 1746 1145 1827 bitumen,

134 1835 209 1894 sieut
224 1833 411 1911 Zacynthium
434 1844 465 1895 et
482 1835 591 1912 quoda
607 1834 757 1912 Babylone
778 1833 935 1894 invehitur.
972 1831 1011 1892 ibi
1028 1832 1147 1911 quidem

135 1925 166 1978 et
181 1918 330 1978 candidum
345 1920 482 1997 gignitur.
513 1919 652 1999 liquidum
668 1927 714 1980 est
735 1927 765 1979 et
781 1917 1045 1999 Apolloniaticum,
1068 1936 1145 1997 quae

135 2006 229 2064 omnia
244 2001 348 2064 Graeci
372 2002 589 2083 pissasphalton
610 2003 759 2082 appellant
777 2022 815 2064 en
832 2011 1004 2081 argumento
1020 2005 1092 2082 picis
1109 2021 1145 2064 ac
1156 2026 1185 2067 ao

93 2087 306 2152 libbitnminis.
348 2089 479 2166 gignitur
506 2097 537 2149 et
561 2089 669 2167 pingue
695 2086 812 2165 oleique
837 2087 959 2166 liquoris
981 2089 1011 2147 in
1031 2086 1144 2165 Sicilia,

44 2245 48 2248 ,
135 2172 337 2250 Agragantino
360 2174 460 2250 ionte,
482 2173 614 2233 inliciens
636 2173 738 2232 rivom.
769 2171 884 2232 incolae
903 2172 931 2232 id
956 2171 1146 2233 harundinum

134 2257 276 2335 paniculis
294 2257 437 2335 colligunt
454 2259 596 2318 citissime
609 2258 652 2318 sio
665 2255 899 2334 adhaerescens,
913 2264 1089 2336 utunturque
1105 2274 1143 2318 eo

135 2340 170 2400 ad
183 2341 477 2403 lucernarumlumina
493 2342 553 2404 olei
568 2344 645 2421 uice,
660 2344 729 2404 item
744 2342 872 2402 scabiem
887 2340 922 2401 ad
937 2342 1141 2402 iumentorum.

91 2445 152 2490 111
163 2426 236 2488 Sunt
246 2429 295 2506 qui
312 2437 341 2488 et
354 2427 525 2506 naphtbam,
541 2428 578 2489 de
593 2446 648 2507 qua
663 2425 832 2490 insecundo
845 2426 967 2486 diximus
983 2425 1143 2504 uolumine,
1155 2448 1185 2491 aa

135 2513 282 2573 bituminis
297 2512 457 2590 generibus
475 2513 658 2590 adscribant,
676 2530 776 2573 rerum
792 2512 855 2572 eius
874 2510 979 2571 ardens
995 2519 1096 2570 natura
1112 2519 1145 2572 et

92 2598 257 2675 lsoignium
281 2605 404 2674 cognata
426 2597 531 2676 procul
551 2597 586 2657 ab
605 2598 679 2656 omni
697 2616 751 2657 usu
773 2595 866 2657 abest.
902 2594 1052 2655 bituminis
1074 2613 1144 2674 pro·

133 2681 214 2742 batio
230 2689 357 2759 utquam
372 2698 502 2742 maxume
520 2679 674 2760 splendeat
690 2683 788 2760 sitque
804 2680 1020 2760 ponderosum,
1038 2697 1143 2759 grave,

134 2766 201 2827 leue
218 2773 314 2826 autem
327 2765 457 2836 modice,
477 2767 612 2845 quoniam
630 2765 808 2826 adulteratur
823 2766 899 2845 pice.
928 2766 973 2826 uis
991 2783 1066 2844 quae
1084 2765 1144 2826 sul-

134 2852 215 2931 puri,
232 2851 321 2927 sistit,
337 2849 466 2929 discutit,
484 2850 643 2928 contrahit,
658 2850 790 2928 glutinat.
822 2851 970 2930 serpentis
987 2868 1144 2912 accensum
1155 2871 1184 2914 ao

134 2935 239 2997 nidore
256 2936 347 3013 lugat.
380 2934 415 2996 ad
431 2935 619 2996 subfusiones
635 2934 785 2996 oculorum
800 2943 831 2996 et
847 2935 1001 3014 albugines
1016 2934 1144 3013 11111111-
1248 2985 1249 2990 ,

133 3022 210 3088 nium
227 3021 333 3081 efficax
355 3020 493 3098 traditur,
516 3021 587 3081 item
609 3019 644 3080 ad
661 3019 776 3100 lepras,
800 3019 929 3082 lichenas
953 3023 1143 3100 pruritusque

134 3123 301 3185 corporum.
333 3105 462 3166 inlinitur
484 3112 514 3166 et
535 3105 691 3184 podagris,
715 3106 809 3166 omnia
830 3115 926 3168 autem
944 3105 1008 3167 eius
1028 3124 1143 3184 genera

133 3188 332 3251 incommodos
365 3189 515 3250 oculorum
541 3189 618 3269 pilos
649 3190 812 3271 replicant,
836 3191 964 3252 dentium
988 3191 1141 3252 doloribus
1246 3179 1248 3222 ²

93 3286 140 3342 181
153 3273 306 3336 medentur
325 3275 407 3336 simul
433 3275 509 3335 nitro
533 3274 626 3336 inlito.
658 3277 759 3336 tussim
781 3284 915 3338 ueterem
940 3286 971 3338 et
996 3275 1141 3338 anhelitus
1153 3299 1180 3341 ao

134 3377 198 3421 cum
217 3361 285 3420 vino
306 3367 406 3439 potum
426 3358 475 3437 **,
497 3358 682 3436 dysintericis
709 3363 795 3422 etiam
820 3361 904 3424 datur
925 3362 1029 3424 eodem
1052 3360 1140 3423 modo

134 3446 269 3524 sistitque
292 3445 395 3506 alvom.
427 3463 490 3505 oum
513 3453 598 3506 aceto
622 3463 696 3507 uero
718 3456 817 3526 potum
836 3447 953 3509 discutit
970 3449 1141 3508 concretum

89 3610 91 3615 Ι
134 3531 302 3610 sanguinem
317 3547 350 3646 ag
365 3529 498 3591 detrabit.
530 3531 644 3610 mitigat
660 3531 821 3593 lumborum
837 3532 967 3607 dolores,
982 3533 1053 3593 item
1067 3533 1139 3592 arti·

1245 3025 1248 3106 l

1246 3115 1248 3170 1

1245 3225 1248 3288 l
