2510 3898
371 215 454 264 nan.
475 215 567 266 nisu.
590 169 779 270 xxxvrsrs.
804 204 878 287 (24.)
1072 207 1130 268 125

120 382 239 453 tequam
253 390 329 434 nova
346 375 493 452 attingam.
523 372 684 455 illepide
701 371 1128 454 Q.catu10ccss.,uroonsns

118 461 198 520 inter
222 458 466 538 diligentissimos
498 469 653 537 auctores,
685 459 786 520 domus
812 458 961 538 pulchrior
988 479 1046 521 non
1075 462 1129 523 init

118 542 233 605 Romae
252 562 336 624 quam
350 544 452 624 Lepidi
467 546 571 624 ipsius,
587 553 628 624 at,
643 544 798 622 Hercules,
817 546 893 606 intra
909 563 1000 606 annus
1015 544 1129 607 XXXV

117 629 222 690 eadem
234 632 424 690 centesimum
436 628 532 691 locum
543 649 602 692 non
614 632 748 710 optinuit.
764 639 906 710 conputet
917 632 947 692 in
957 629 1010 692 bac
1022 634 1109 692 aesti-
1121 646 1172 699 110

92 715 247 775 erratione
271 717 319 794 qui
343 714 426 776 volet
451 733 624 777 marmorum
644 715 768 793 molem,
790 733 882 794 opera
903 718 1066 796 pictorum,
1088 719 1129 778 in-

115 798 226 879 pendia
241 799 355 879 regalia
371 809 403 860 et
421 819 485 862 cum
502 801 697 880 pulcherrima
718 800 973 881 laudatissimaque
987 804 1128 864 certantis

115 892 235 946 centurn
266 887 367 948 donnus
383 894 548 965 posteaque
570 887 606 947 ab
628 886 887 947 innumerabilibus
910 886 974 948 aliis
999 889 1029 948 in
1053 887 1128 949 huuc

115 969 196 1031 diem
217 973 320 1031 victas.
369 972 506 1050 proiecto
529 971 664 1033 incendia
684 973 804 1052 puniunt
827 973 941 1051 luxum,
960 991 1015 1034 nec
1033 982 1128 1034 tanen

116 1057 197 1118 ellici
216 1065 318 1137 potest
335 1065 367 1118 ut
378 1075 477 1119 mores
494 1056 603 1137 aliquid
617 1059 683 1138 ipso
700 1058 817 1119 bomine
833 1057 985 1120 mortalius
1002 1077 1071 1120 esse
1087 1061 1128 1118 iu·

81 1142 271 1222 intellegant.
319 1144 363 1224 [5]
393 1143 447 1204 sed
469 1145 561 1204 omnis
584 1162 634 1205 eas
660 1144 733 1204 duae
755 1142 856 1204 domus
877 1145 1020 1205 vicerunt.
1060 1144 1107 1204 bis
1121 1156 1168 1209 111

115 1227 240 1290 vidimus
259 1228 361 1290 urbem
382 1237 472 1290 totam
488 1230 565 1308 cingi
588 1229 720 1290 domibus
737 1230 900 1308 principum
918 1227 970 1290 Gai
989 1238 1020 1290 et
1034 1227 1128 1290 llere-

114 1315 180 1392 nis,
195 1313 280 1376 buius
298 1314 429 1394 quidem,
450 1333 487 1376 ne
505 1314 574 1393 quid
590 1314 728 1392 deesset,
745 1332 842 1375 aurea.
874 1316 1005 1375 nimirum
1022 1315 1067 1375 sio
1081 1313 1128 1375 ba-

114 1400 286 1460 bitaverunt
307 1399 350 1460 illi
373 1403 422 1480 qui
444 1399 501 1461 hoc
523 1401 676 1478 imperium
699 1399 801 1460 iecere
825 1407 950 1478 tantum,
971 1400 1005 1461 ad
1028 1400 1127 1461 devin-

114 1485 226 1545 cendas
247 1487 346 1564 gentis
367 1484 589 1566 triumphosque
610 1484 786 1546 referendos
807 1484 843 1546 ab
864 1493 962 1546 aratro
987 1493 1035 1545 aut
1057 1486 1126 1545 ioco

81 1591 104 1631 rs
115 1577 281 1647 exeuntes,
308 1587 430 1649 quorum
453 1572 516 1648 agri
540 1587 660 1650 quoque
681 1572 823 1630 minorem
839 1570 954 1630 modurn
971 1571 1126 1649 optinuere

114 1673 201 1734 quam
228 1654 346 1716 sellaria
369 1657 500 1717 istorum.
547 1656 591 1736 16]
619 1656 698 1716 subit
724 1673 798 1716 vero
826 1656 987 1734 cogitatio,
1017 1663 1106 1735 quota
1118 1665 1169 1720 112

113 1741 216 1820 portio
234 1739 334 1802 barum
352 1741 462 1802 fuerint
485 1758 572 1802 areae
592 1740 662 1802 illae
679 1759 751 1821 quas
766 1742 883 1803 invictis
898 1739 1126 1820 imperatoribus

114 1825 316 1887 decernebant
340 1825 457 1906 publice
483 1825 520 1887 ad
541 1826 773 1888 exaedificandas
799 1827 918 1904 domos,
940 1843 1125 1906 summusque

113 1910 231 1971 illarum
240 1910 335 1972 bonos
352 1919 426 1990 erat,
436 1911 549 1973 sicutin
560 1911 592 1972 P.
601 1910 883 1973 Valeriol'ublicola
895 1914 989 1990 primo
1002 1908 1125 1973 consule

78 2013 180 2057 meum
199 1995 232 2059 L.
251 1995 342 2058 Bruto
354 2005 424 2076 post
441 2004 486 2057 tot
501 1999 606 2058 merita
623 2006 653 2058 et
671 1999 763 2058 iratre
776 1999 840 2058 eius
853 1999 901 2076 qui
917 1997 963 2057 bis
977 1996 1126 2058 incudem

113 2083 286 2160 magistratu
304 2079 430 2142 Sabinos
445 2081 612 2160 devicerat,
629 2083 702 2144 adici
719 2082 841 2144 decreto
856 2091 888 2142 ut
906 2082 1007 2144 domus
1024 2099 1126 2142 eorum

113 2166 197 2228 iores
215 2175 299 2227 extra
313 2168 500 2246 aperirentur
516 2174 547 2227 et
562 2169 646 2227 ianua
661 2170 690 2228 in
704 2167 851 2248 publicum
865 2170 1038 2228 reieeretur.
1069 2165 1126 2226 boc

114 2259 180 2312 erat
205 2250 395 2313 clarissimum
419 2252 536 2330 insigne
564 2253 641 2312 inter
667 2252 847 2331 triumphalis
873 2269 992 2332 quoque
1013 2251 1126 2312 domos.

8 2371 9 2400 1
116 2337 160 2418 [7]
185 2355 244 2398 non
260 2339 354 2416 patiar
369 2339 444 2398 istos
458 2337 532 2397 duos
554 2335 655 2417 [Gaios
671 2337 720 2398 vel
737 2337 810 2398 duos
826 2336 975 2415 Nerones]
994 2355 1032 2396 ne
1052 2335 1105 2396 bac
1118 2346 1169 2400 113

8 2413 10 2430 ¹
79 2423 234 2502 mquidem
259 2422 356 2501 gloria
383 2423 475 2483 famae
507 2423 581 2500 frui,
614 2422 844 2501 docebimusque
871 2424 958 2482 etiam
986 2421 1125 2481 insaniam

116 2525 219 2570 eorum
239 2509 346 2568 victam
367 2509 489 2587 privatis
526 2505 631 2582 opibus
654 2502 693 2564 Μ.
718 2503 837 2579 Scauri,
862 2508 943 2565 euius
965 2508 1068 2568 neseio
1089 2523 1125 2566 an

115 2593 250 2654 aedilitas
263 2610 395 2654 maxume
410 2593 607 2672 prostraverit
620 2609 719 2654 mores
734 2593 885 2670 maiusque
903 2590 942 2652 sit
953 2587 1054 2650 Sullae
1068 2607 1125 2651 ma·

115 2678 174 2738 lum
200 2686 280 2740 tanta
307 2679 434 2758 privigni
464 2679 597 2757 potentia
618 2695 703 2758 quarn
724 2679 903 2757 proscriptio
935 2684 981 2736 tot
1007 2676 1123 2735 milium.

115 2765 144 2824 in
159 2763 310 2826 aedilitate
326 2763 373 2823 bic
388 2780 440 2824 sua
459 2764 532 2824 fecit
548 2780 622 2842 opus
637 2781 797 2824 maxumum
813 2765 938 2824 omnium
953 2779 1028 2841 quae
1045 2779 1104 2820 um·
1117 2771 1168 2825 114

9 2831 11 2908 l
82 2872 107 2914 eo
117 2867 200 2930 quam
215 2851 301 2910 luere
318 2849 439 2910 bumana
454 2866 538 2908 manu
550 2848 644 2927 laeta,
662 2867 720 2909 non
736 2849 913 2927 temporaria
926 2864 1008 2907 mora
1023 2863 1125 2905 verum

117 2936 204 2995 etiam
227 2935 412 2996 aeternitatis
436 2933 643 2994 destinatione.
683 2933 826 2994 theatrum
844 2933 902 2993 boc
921 2933 994 3008 luit,
1019 2947 1125 2990 scaena

118 3021 145 3080 ei
168 3019 280 3100 triplex
301 3021 331 3079 in
352 3019 536 3080 altitudinem
552 3016 679 3079 00(le
694 3017 891 3080 columnarum
908 3019 938 3077 in
956 3034 991 3076 ea
1005 3016 1125 3077 civitate

117 3123 191 3184 quae
207 3123 263 3166 sex
279 3103 440 3182 Hymettias
452 3121 511 3165 nun
527 3103 635 3164 tulerat
649 3106 713 3164 sine
727 3103 839 3182 probro
857 3104 929 3164 ciris
945 3100 1122 3180 amplissimi.

117 3191 171 3251 inre
193 3207 262 3270 pars
284 3207 408 3252 scaenae
431 3208 448 3250 e
470 3206 616 3251 marmore
633 3189 704 3267 init,
724 3187 855 3249 mediae
877 3189 973 3264 vitro,
995 3187 1123 3247 inaudito

85 3275 204 3337 ssetiarn
224 3283 331 3356 postea
358 3293 471 3354 genere
494 3273 644 3352 luxuriae,
669 3291 816 3336 summae
841 3272 947 3334 tabulis
972 3273 1123 3349 inauratis,

117 3361 287 3439 columnae,
323 3369 355 3422 nt
382 3360 522 3438 diximus,
558 3361 632 3420 imae
666 3357 980 3438 duodequadragenum
1010 3357 1146 3435 pedums

117 3448 199 3524 signa
215 3463 304 3508 aerea
318 3447 396 3507 inter
412 3443 579 3522 columnas,
596 3453 628 3504 ut
642 3444 849 3522 indicavimus,
864 3445 982 3505 luerunt
996 3442 1041 3508 ᾖ
1055 3458 1105 3500 nu·
1117 3453 1166 3504 115

115 3548 216 3606 mero,
241 3549 331 3594 eavea
353 3534 418 3612 ipsa
439 3531 520 3610 cepit
539 3530 683 3592 bominum
698 3531 817 3608 fxii,
839 3547 902 3590 cunr
923 3525 1092 3603 Pompeiani
1105 3521 1167 3564 ⁸⁴³⁸
