2510 3898
318 225 399 274 usu.
421 224 511 274 urar.
534 226 643 275 xxxv.
666 214 864 295 o.(19-28.)
1053 215 1094 276 75

74 383 122 442 nis
139 400 159 440 e
175 381 306 444 vinaceis
321 381 423 443 iecere
439 384 575 464 tryginon
586 381 780 463 appellantes.
813 383 938 464 Apelles
951 399 1096 446 commen·

75 473 123 526 tus
137 473 187 527 est
201 483 240 526 ex
253 465 346 527 ebore
363 467 517 529 combusto
528 469 627 529 lacere
643 468 720 547 quod
737 468 952 548 elephantinum
963 477 1093 532 vocatur.

76 549 266 630 hdportatur
280 560 310 611 et
324 551 452 612 lodicum
466 571 505 614 ex
520 549 602 615 India
619 551 821 633 inexploratae
840 554 932 618 adhuc
948 555 1138 621 inventio-43

78 637 124 694 nis
146 634 226 695 mihi.
263 636 295 696 lit
312 637 400 697 etiam
415 638 490 716 apud
504 639 665 700 infectores
683 655 723 700 ex
737 637 812 700 dore
828 641 914 717 nigro
927 640 975 718 qui
991 637 1095 700 adbae-

60 721 170 781 ⁵reseit
183 722 285 782 aereis
302 723 433 782 cortinis.
463 723 494 783 lit
510 732 541 784 et
551 723 633 801 ligno
649 742 666 783 e
679 723 772 785 taedis
786 725 940 786 combusto
956 724 1093 802 tritisque

76 807 105 865 iu
122 807 271 866 mortario
292 806 478 868 carbonibus.
510 808 630 876 mirain
649 806 707 870 boc
721 810 885 888 saepiarum
899 817 1018 886 natura,
1040 807 1094 870 sed

78 910 116 951 ex
134 890 180 950 his
198 907 259 951 uon
276 891 316 952 lit.
349 909 434 952 omne
455 900 550 954 autem
574 901 763 954 atramentum
784 893 849 954 sole
867 894 1037 974 perficitur,
1059 892 1093 952 lt-

78 975 210 1036 brarium
225 994 355 1055 cumme,
379 979 533 1038 tectorium
547 976 661 1056 glutino
677 977 813 1040 admixto.
853 978 931 1058 quod
953 986 1039 1040 aceto
1060 977 1093 1036 li·

79 1061 250 1140 queiactum
267 1070 315 1122 est
330 1079 422 1140 aegre
438 1062 555 1124 eluitur.

52 1148 72 1190 ¹⁰
144 1145 231 1225 (26.)
254 1144 279 1206 Ε
302 1145 431 1228 reliquis,
445 1146 596 1208 coloribus
618 1165 692 1226 quos
713 1166 729 1208 a
747 1147 870 1209 dominis
890 1147 951 1208 dari
967 1147 1136 1209 diximustl

79 1240 208 1310 propter
234 1231 459 1310 magnitudinem
485 1233 562 1310 preti
585 1241 653 1293 auto
681 1234 773 1294 omnis
803 1240 849 1294 est
878 1233 1088 1311 purpurissum.
1101 1229 1125 1264 ⁸⁰

20 1319 21 1324 ’
80 1325 160 1377 creta
176 1317 346 1394 argentaria
359 1333 424 1378 cum
438 1319 574 1396 purpuris
588 1319 700 1397 pariter
714 1318 866 1396 tinguitur,
877 1315 1010 1394 bibitque
1027 1333 1093 1377 eum

81 1400 215 1462 colorem
241 1400 370 1464 celerius
395 1401 478 1462 lauis.
525 1400 716 1482 Praecipuum
741 1411 789 1464 est
811 1402 931 1480 primum
955 1401 1091 1462 fervente

80 1486 176 1547 chono
201 1485 321 1547 rudibus
347 1485 565 1548 medicamentis
584 1487 773 1564 inebriatum,
793 1503 963 1565 proxumum
984 1492 1091 1562 egesto

55 1575 117 1636 ¹⁵eo
134 1569 235 1632 addita
252 1581 334 1632 creta
350 1572 380 1632 in
395 1573 441 1632 ius
455 1571 542 1633 idem.
570 1581 600 1634 et
615 1573 751 1651 quotiens
766 1570 796 1632 id
811 1571 916 1631 iactum
933 1577 980 1630 est
995 1569 1093 1631 eleva·

82 1667 127 1718 tur
141 1655 262 1716 bonitas
279 1673 335 1736 pro
356 1674 477 1718 numero
494 1657 632 1718 dilutiore
655 1659 745 1720 saule.
790 1672 880 1735 quare
899 1653 1136 1719 Puteolannnce

82 1743 182 1821 potius
198 1740 334 1802 laudetur
349 1759 432 1821 quam
448 1741 566 1820 Tyrium
581 1750 629 1803 aut
645 1740 826 1805 Gaetulicum
841 1738 890 1802 vel
907 1737 1091 1815 Laconicum,

82 1826 155 1888 uude
179 1827 414 1906 pretiosissimae
435 1845 598 1906 purpurae,
617 1844 704 1888 eausa
725 1835 772 1888 est
794 1824 872 1906 quod
891 1823 1018 1903 hysgino
1036 1843 1092 1884 roa-

83 1930 167 1972 uume
196 1911 324 1972 inlicitur
343 1911 486 1992 rubiaque
508 1929 582 1991 quae
605 1914 721 1990 cogitur
741 1913 875 1974 sorbere.
921 1909 1091 1972 vilissimum

56 2000 98 2058 iia
114 1995 254 2057 Canusio.
290 1997 416 2075 pretium
436 2015 452 2056 a
474 1996 597 2075 singulis
613 1997 740 2058 denariis
755 1997 785 2058 iu
801 1995 891 2056 libras
911 1994 947 2056 ad
962 1995 1090 2073 triginta.
1144 2029 1148 2035 ·

83 2084 242 2162 pingentes
258 2081 387 2158 sandyce
400 2080 518 2159 sublita,
535 2099 605 2142 mox
619 2098 677 2143 ovo
692 2080 865 2144 inducentes
877 2081 1090 2160 purpurissum,

83 2166 230 2245 fulgorem
241 2167 309 2226 mini
321 2166 440 2228 iaciunt.
471 2167 494 2226 si
508 2183 663 2246 purpuram
674 2167 774 2230 lacere
785 2165 1089 2242 maluut‚caeruleum

84 2251 250 2328 sublinunt,
272 2268 342 2312 mox
356 2252 557 2330 purpurissum
572 2269 611 2312 ex
626 2269 683 2312 ouo
701 2251 849 2313 inducunt.

10 2401 11 2412 y
144 2335 231 2418 (27.)
252 2336 300 2397 Ab
315 2335 374 2398 hoc
387 2354 518 2397 maxuma
533 2338 691 2398 auctoritas
707 2335 818 2398 ludico.
855 2353 894 2396 er
910 2333 991 2394 ludia
1008 2335 1089 2394 uouit
1099 2343 1135 2400 46

56 2422 272 2484 *harundinum
293 2439 412 2501 spumae
432 2420 663 2483 adhaerescente
681 2421 758 2482 limo.
792 2439 856 2482 cum
872 2427 1026 2494 cernatur,
1050 2419 1091 2478 ui-

84 2526 183 2587 grum‚
203 2517 233 2566 at
254 2508 285 2567 in
304 2505 440 2568 diluendo
454 2507 607 2566 mixturam
627 2523 773 2585 purpurae
788 2503 958 2582 caerulique
975 2501 1090 2564 mirabi-

85 2593 139 2654 lem
156 2591 265 2652 reddit.
311 2590 445 2653 hlterum
461 2609 555 2669 genus
571 2592 633 2651 eius
651 2599 697 2652 est
717 2591 746 2650 iu
766 2589 947 2670 purpurariis
964 2587 1089 2650 officinis

85 2679 217 2738 innatans
235 2677 373 2755 cortinis,
389 2684 419 2738 et
431 2684 479 2737 est
490 2693 636 2755 purpurae
651 2693 758 2755 spuma.
779 2676 827 2755 qui
840 2673 1004 2736 adulterant
1016 2690 1089 2735 vero

86 2762 187 2825 ludico
203 2763 317 2840 tingunt
333 2769 466 2824 stercora
481 2759 655 2839 columbina,
674 2770 723 2823 aut
737 2769 846 2822 cretam
854 2758 1029 2820 Selinusiam
1042 2757 1091 2818 vel

59 2847 243 2909 aannlartan
267 2847 343 2906 vitro
368 2847 507 2908 inliciunt.
552 2845 693 2925 probatur
720 2847 867 2921 carbone,
897 2843 992 2904 reddit
1015 2845 1091 2903 enirn

10 2945 11 2970 ι
87 2933 164 3013 quod
187 2933 334 2994 sincerum
352 2939 399 2992 ost
425 2929 563 2992 dammam
579 2931 754 2993 excellentis
777 2947 924 3010 purpurae
951 2935 999 3004 et,
1026 2926 1091 2987 dum

87 3019 194 3096 fumat,
220 3017 341 3078 odorem
365 3017 463 3078 maris.
503 3016 540 3078 ob
562 3017 592 3077 id
613 3016 763 3095 quideme
785 3012 914 3093 scopulis
935 3013 964 3073 id
981 3011 1091 3090 conligi

89 3111 196 3182 putant.
228 3103 355 3182 pretium
370 3099 470 3162 Iudico
484 3099 512 3160 X
526 3115 575 3162 xx
588 3102 618 3161 iu
633 3101 734 3163 libras.
764 3101 794 3161 in
808 3097 950 3161 medicina
963 3095 1090 3158 lodicum

91 3189 206 3265 rigores
222 3195 253 3248 et
268 3189 393 3266 impetus
408 3187 491 3248 sedat
505 3188 654 3266 siccatque
676 3186 783 3248 ulcera.

62 3283 84 3326 ιι
152 3273 238 3353 (28.)
257 3272 395 3333 Armenia
408 3273 496 3332 mittit
510 3272 587 3351 quod
601 3273 665 3332 eius
680 3271 797 3332 uomiue
813 3267 986 3348 appellatur.
1013 3266 1087 3344 lapis
1099 3273 1132 3330 et

94 3367 138 3418 est
152 3358 199 3420 hic
213 3375 330 3437 quoque
347 3354 550 3434 chrysocollae
565 3357 652 3418 modo
662 3355 807 3432 infectus,
822 3361 1027 3434 optumumque
1045 3357 1092 3410 est

94 3443 166 3520 quod
177 3461 309 3504 mamma
324 3442 449 3502 vicinum
465 3449 512 3502 est
527 3444 737 3502 communicato
752 3438 855 3501 colore
867 3455 931 3498 cum
942 3435 1090 3496 caeruleo.

10 3541 12 3544 ·
94 3528 226 3590 solebant
254 3527 348 3588 librae
375 3527 438 3587 eius
463 3527 583 3587 tricenis
607 3526 727 3586 nummis
755 3525 858 3587 taxari.
899 3521 1020 3580 quenta
1039 3533 1093 3594 per
