2510 3898
136 223 175 287 80
481 233 511 283 o.
528 235 625 282 annu
638 233 789 285 sncnnnr

136 411 209 471 que,
226 411 284 454 non
300 391 393 452 solnm
411 392 601 468 confitentes,
625 399 656 452 et
671 389 726 450 alia
743 389 829 450 multa
846 389 995 468 graphidis
1010 391 1143 468 vestigia

137 484 252 537 exstant
266 479 295 536 in
311 476 414 536 tabulis
431 494 465 536 ac
481 476 654 536 membranis
667 477 747 552 eins,
766 474 922 553 exquibus
938 474 1085 553 prolicere
1098 475 1142 536 di·

135 570 238 623 cuntur
251 561 385 622 artifices.
402 562 495 623 minor
508 561 723 620 tamenvidetur
735 558 791 620 sibi
804 567 977 638 conparatus
989 561 1018 619 in
1033 558 1141 621 mediis

92 655 126 712 69
138 646 311 726 corporibus
334 645 538 725 exprimendis.
577 647 669 724 pinxit
688 644 793 706 demon
809 642 1031 705 Atheniensium
1052 662 1140 722 argu·

134 740 232 792 mento
251 748 367 811 qnoque
386 732 550 808 ingenioso.
591 728 765 790 ostendebat
788 746 912 807 namque
930 729 1058 807 varium,
1081 732 1166 794 ira-s

135 817 271 893 cundum,
293 817 444 893 iniustum,
465 817 693 892 inconstantem,
716 813 838 874 eundem
856 812 1054 892 exorabilem,
1078 814 1140 875 cle-

134 909 276 976 mentem,
289 899 524 977 misericordem,
538 899 716 978 gloriosnm,
733 899 882 960 excelsum
894 897 1045 976 humilem,
1058 899 1140 960 lero·

134 1003 197 1044 cem
215 985 405 1063 fugacemque
421 993 451 1046 et
470 987 563 1045 omnia
584 986 705 1064 pariter.
751 983 827 1044 idem
845 985 938 1063 pinxit
956 991 986 1044 et
1010 982 1139 1064 Thesea,

135 1087 208 1148 quae
224 1068 334 1130 Romae
356 1071 386 1128 in
402 1066 549 1149 Capitolio
564 1070 636 1147 init,
654 1077 684 1129 et
700 1067 872 1130 nauarchum
888 1067 1084 1146 thoracatum,
1107 1079 1140 1130 et

133 1154 163 1212 in
178 1171 233 1213 una
250 1154 362 1232 tabula,
379 1172 452 1232 qnae
472 1163 518 1214 est
533 1153 645 1232 Rhodi,
668 1152 865 1233 Meleagrum,
881 1151 1053 1232 Herculem,
1068 1153 1139 1215 Per·
1151 1179 1180 1220 ro

133 1256 192 1299 sea.
224 1239 297 1299 haec
313 1239 352 1299 ibi
370 1247 415 1300 ter
429 1239 547 1300 fulmine
561 1239 691 1299 ambusta
703 1257 799 1317 neque
817 1238 986 1298 oblitterata
996 1239 1053 1300 hoc
1068 1241 1137 1318 ipso

89 1333 125 1390 'io
135 1323 300 1384 miraculum
325 1333 422 1402 anget.
466 1325 560 1404 pinxit
585 1333 615 1384 et
638 1322 853 1403 Archigallum,
884 1340 969 1402 qnam
994 1324 1137 1402 picturam

132 1409 238 1468 amavit
257 1408 392 1470 Tiberius
415 1410 553 1488 princeps
576 1418 678 1487 atque,
698 1417 728 1469 ut
744 1417 846 1469 auctor
864 1416 910 1469 est
927 1407 1060 1486 Deculo,
1078 1408 1135 1470 HS.

132 1489 196 1578 [ᾗ]
223 1496 401 1554 aestimatam
420 1493 554 1555 cubiculo
574 1511 628 1554 suo
644 1493 769 1555 inclusit.
817 1495 911 1572 pinxit
930 1502 960 1554 et
979 1492 1137 1554 Thressam

132 1580 273 1639 nutricem
294 1579 489 1658 infantemque
506 1580 536 1639 in
555 1578 685 1639 manibus
702 1579 766 1639 eius
783 1587 813 1639 et
831 1577 986 1640 Philiscum
1002 1588 1032 1640 et
1049 1579 1136 1640 Libe·
1148 1601 1177 1642 rs

132 1682 193 1722 rum
210 1671 322 1742 patrem
338 1662 469 1724 adstante
489 1662 624 1741 Virtute,
641 1672 671 1724 et
686 1681 795 1743 pueros
812 1663 885 1724 duos
902 1666 932 1724 in
948 1664 1052 1744 quibus
1068 1683 1137 1744 spe·

132 1755 225 1806 ctatur
248 1747 389 1807 securitas
413 1749 564 1808 etaetatis
587 1747 776 1828 simplicitas,
795 1751 864 1810 item
884 1748 1067 1811 sacerdotem
1088 1750 1137 1812 ad·

87 1840 119 1897 tl
134 1839 229 1891 stante
251 1848 345 1909 puero
365 1849 428 1890 cum
449 1850 550 1894 acerra
575 1841 605 1894 et
621 1851 738 1895 corona.
780 1843 846 1896 sunt
862 1843 892 1895 et
913 1832 986 1896 duae
1002 1837 1135 1914 picturae

131 1918 193 1976 eius
214 1914 429 1994 nobilissimae,
445 1916 575 1996 hoplites
590 1919 618 1978 in
634 1920 791 1984 certamine
807 1921 846 1980 ita
865 1920 1023 1981 decurrens
1041 1930 1070 1981 nt
1087 1939 1135 1982 sn-

81 2014 86 2024 ‘
131 2000 200 2062 dare
219 2001 366 2078 videatur,
389 2000 463 2062 alter
487 2020 563 2062 arma
588 2002 740 2082 deponens
766 2014 797 2065 ut
822 2005 959 2066 anhelare
980 2008 1133 2068 sentiatur.
1145 2028 1176 2070 ao

130 2085 280 2146 laudantur
303 2092 332 2144 et
350 2085 468 2146 Aeneas
489 2085 651 2166 Castorque
671 2107 704 2150 ac
722 2088 828 2150 Pollux
849 2091 878 2150 in
901 2090 1002 2151 eadem
1024 2090 1134 2172 tabula,

131 2172 200 2230 item
220 2167 387 2248 Telephus,
411 2169 560 2250 Achilles,
589 2172 806 2253 Agamemnon,
828 2173 942 2235 Ulixes.
991 2176 1133 2238 fecundus

130 2255 254 2331 artilex,
277 2253 329 2314 sed
346 2272 404 2333 quo
422 2274 507 2317 nemo
523 2257 696 2319 insolentius
720 2259 762 2338 [et
783 2262 978 2341 arrogantius}
1002 2277 1069 2322 usus
1095 2264 1135 2322 sit

129 2338 224 2418 gloria
245 2341 334 2416 artis,
357 2359 479 2419 namque
500 2350 530 2402 et
549 2347 721 2421 cognomina
743 2347 894 2424 usurparit
913 2344 1134 2407 habrodiaetum

130 2444 163 2486 se
182 2423 354 2503 adpellando
370 2425 636 2505 aliisqueversibus
653 2430 814 2508 principem
830 2431 901 2490 artis
918 2439 949 2492 et
964 2449 1027 2491 cam
1043 2431 1080 2491 ab
1097 2451 1132 2493 se
1143 2452 1174 2494 aa

75 2506 78 2514 '
130 2518 364 2588 consummatam,
381 2528 471 2590 super
484 2514 577 2573 omnia
587 2512 734 2592 Apollinis
748 2533 781 2574 se
797 2513 895 2576 radice
913 2523 1007 2576 ortum
1019 2525 1048 2577 et
1058 2515 1132 2578 Her-

129 2593 239 2671 culem,
258 2595 312 2672 'qui
340 2603 386 2654 est
401 2594 500 2674 Lindi,
522 2597 609 2658 talem
632 2616 647 2658 a
668 2618 701 2659 se
723 2600 829 2678 pictum
852 2600 966 2678 qualem
988 2619 1079 2682 saepe
1101 2603 1132 2663 in

85 2689 120 2745 72
131 2679 229 2758 quiete
245 2678 375 2739 vidisset.
410 2699 482 2757 ergo
495 2684 605 2760 magnis
621 2683 766 2760 suffragiis
781 2694 964 2764 superatnsa
979 2685 1131 2748 Timanthe

129 2763 204 2822 Sami
218 2763 247 2822 in
262 2761 352 2824 Aiace
369 2781 568 2844 armorumque
584 2767 690 2830 iudicio
705 2767 806 2830 herois
820 2771 937 2832 nomine
955 2790 988 2832 se
1003 2772 1131 2834 moleste

128 2848 208 2908 ferre
226 2845 342 2909 dicebat
357 2850 434 2927 quod
448 2850 553 2911 iterum
570 2851 605 2912 ab
621 2853 739 2932 indigno
756 2855 850 2916 victus
866 2864 959 2918 esset.
991 2859 1084 2936 pinxit
1099 2867 1171 2925 etso

127 2933 286 2994 minoribus
299 2933 415 2995 tabellis
430 2934 583 3016 libidines,
599 2956 636 2998 eo
651 2957 764 3017 genere
780 2940 938 3018 petulantis
961 2941 1019 3003 ioci
1035 2962 1069 3003 se
1083 2962 1131 3004 re-

84 3017 243 3082 reficiens.
277 3016 320 3098 [6]
338 3017 409 3079 Nam
424 3019 565 3081 Timanthi
580 3023 629 3084 vel
643 3023 804 3102 plurumum
819 3025 909 3086 adluit
923 3028 1033 3105 ingeni.
1065 3029 1129 3089 eius

128 3103 204 3162 enim
220 3110 266 3162 est
282 3101 433 3182 Iphigenia
455 3114 601 3168 oratorum
622 3108 753 3169 laudibus
770 3109 937 3191 celebrata,
960 3130 1015 3192 qua
1033 3121 1129 3174 stante

128 3186 163 3246 ad
179 3204 242 3247 aras
260 3189 389 3266 peritura
411 3209 474 3250 cnm
491 3200 620 3252 maestos
638 3195 783 3272 pinxisset
801 3198 894 3256 omnis
909 3199 1128 3278 praecipueque

128 3280 276 3351 patruum,
301 3281 331 3334 et
351 3276 486 3336 tristitiae
508 3293 620 3338 omnem
642 3281 796 3357 imaginem
810 3284 1058 3362 consumpsisset,
1080 3301 1167 3362 pa·a⁵

127 3359 180 3417 tris
194 3358 285 3436 ipsius
301 3356 410 3419 voltum
424 3360 534 3421 velarit
549 3380 633 3440 quem
647 3363 735 3442 digne
751 3383 809 3427 non
824 3375 942 3445 poterat
958 3369 1126 3430 ostendere.

84 3451 120 3508 74
130 3450 195 3501 sunt
208 3450 237 3502 et
255 3442 310 3503 alia
325 3444 423 3522 ingeni
440 3447 504 3507 eius
517 3448 666 3528 exempla,
684 3448 774 3510 veluti
793 3450 920 3532 Cyclops
935 3451 1081 3515 dormiens
1095 3455 1127 3515 in

127 3527 247 3606 parvola
259 3527 383 3607 tabella,
396 3531 476 3591 cuius
489 3540 518 3593 et
535 3534 578 3594 sic
589 3533 813 3612 magnitudinem
825 3539 991 3618 exprimere
1004 3541 1125 3620 cupiens
