2510 3898
132 209 191 272 166
466 220 496 270 o.
515 222 612 270 44444
629 221 779 270 sonuum

127 379 200 439 teris
222 377 363 438 subicitur
378 376 586 454 aurichalcum,
615 379 729 439 tametsi
752 379 853 439 exiere
870 379 926 439 iam
942 377 978 440 dc
999 395 1125 456 gemma·

129 480 190 523 rum
205 480 267 522 usu.

85 557 135 612 rat
196 545 275 628 (43.)
303 545 497 627 Appellantur
522 545 636 625 aliquae
664 554 694 607 44
719 545 956 625 chryselectroe,
987 547 1017 607 in
1045 545 1126 608 colo-

127 649 189 692 ram
209 630 313 692 electri
335 631 532 709 declinantes,
559 631 697 691 matutino
720 639 815 691 tamen
839 639 948 692 tautum
975 631 1124 710 adspectu.

127 716 263 778 Ponticas
282 715 474 793 deprehendit
496 714 609 776 levitas.
643 715 781 794 quaedam
797 715 885 776 durae
901 723 967 776 sunt
982 733 1016 776 ac
1031 715 1149 792 rulac,s

128 799 267 877 quaedam
282 799 398 877 molles,
411 798 553 862 sordidae.
579 797 711 860 Bocchus
726 807 889 860 auctorest
904 807 934 859 et
948 799 977 860 in
988 797 1127 878 llispania

92 891 286 962 arepertum,
302 901 359 962 quo
374 885 404 944 in
418 883 485 944 loco
504 883 669 960 crystallum
684 883 757 944 dixit
773 883 808 943 ad
824 883 1024 945 libramentum
1033 900 1126 962 aquae

127 969 223 1047 puteis
238 967 365 1029 defossis
382 969 456 1046 crui,
473 966 674 1044 chrysolithon
690 966 746 1028 ΧΠ
763 967 859 1046 pondo
874 986 890 1028 a
909 969 1057 1029 sevisum.

85 1061 137 1116 148
200 1053 282 1132 (44.)
302 1051 388 1113 Fiunt
410 1059 441 1113 et
464 1051 648 1128 leucochrysi
669 1053 883 1112 interveniente
906 1050 1024 1112 candida
1041 1067 1125 1110 vena.

128 1144 194 1196 sunt
205 1137 234 1196 44
245 1137 302 1197 hoc
313 1155 424 1214 genere
436 1137 567 1215 capsulae,
580 1144 645 1195 sunt
656 1144 686 1196 44
696 1136 799 1196 vitreis
812 1135 932 1214 similes,
944 1134 1025 1197 velut
1036 1151 1126 1195 croco
1137 1151 1163 1193 ro
1246 1165 1247 1170 κ

127 1219 283 1298 fulgentes.
320 1223 397 1282 vitro
418 1220 615 1282 adulterantur
641 1229 672 1280 ut
692 1221 756 1280 visu
778 1220 904 1281 discerni
928 1218 1126 1299 nonpossint,

128 1313 219 1365 tactus
231 1303 386 1385 deprendit
400 1304 529 1384 tepidior
544 1306 573 1364 in
588 1305 700 1365 vitreis.
785 1331 786 1334 ¹

187 1391 268 1470 (45.)
289 1387 1126 1468 lneodemgencrcsuntmclichrysivelutiperaurumsin·

127 1474 292 1536 ceromclle
304 1473 475 1535 tralucente.
492 1470 630 1534 haslndia
639 1473 708 1550 lert,
717 1475 919 1552 quamquamin
928 1472 1033 1533 duritia
1039 1472 1126 1550 inagi-

126 1557 175 1637 lis,
183 1577 241 1620 444
252 1561 389 1636 ingratas.
408 1556 508 1619 cadem
517 1556 901 1636 ctuuthonparitpleheiam
912 1557 1127 1634 sihigemmam.
1137 1566 1163 1612 44

84 1653 135 1707 129
197 1644 279 1722 (46.)
301 1640 489 1704 candidarum
510 1641 567 1701 dux
588 1649 635 1701 est
655 1641 817 1721 paederos,
839 1658 1007 1721 quamquam
1025 1641 1127 1718 quaeri

129 1735 228 1806 potest
242 1729 272 1787 in
283 1744 341 1807 quo
353 1726 455 1787 colore
469 1727 611 1785 numerari
627 1726 745 1804 debeat,
762 1727 870 1786 totiens
882 1727 979 1786 iactati
992 1742 1046 1803 per
1057 1724 1128 1784 alic·

127 1829 178 1871 nas
194 1810 423 1889 pulchritudines
439 1811 581 1886 nominis,
604 1809 677 1870 adeo
694 1817 725 1869 ut
741 1809 857 1870 decoris
876 1809 1083 1889 praerogativa
1097 1810 1127 1868 in

127 1885 271 1955 vocabulo
293 1895 369 1956 44444
385 1895 431 1954 sit.
470 1892 522 1954 sed
538 1902 632 1954 tamen
649 1902 679 1954 et
697 1912 777 1954 suum
791 1912 885 1972 genus
902 1893 1126 1972 exspectatione

126 1987 205 2040 tanta
220 1979 345 2057 dignum.
373 1984 479 2040 coeunt
496 1979 604 2056 quippe
621 1979 650 2037 44
668 1977 832 2039 tralucidam
848 1977 1013 2055 crystallum
1025 1976 1163 2037 viridisac

128 2081 181 2124 suo
196 2063 283 2123 modo
306 2081 357 2122 aer
372 2061 513 2141 simulque
536 2079 680 2141 purpurae
696 2071 726 2123 44
750 2062 863 2141 quidam
878 2063 937 2122 vini
953 2061 1033 2122 aurci
1049 2061 1127 2121 nitor

86 2161 136 2214 130
147 2165 264 2226 semper
276 2154 423 2208 extremus
439 2147 468 2207 in
480 2148 555 2223 visu,
565 2145 617 2207 sed
629 2164 755 2226 purpura
764 2165 880 2224 semper
888 2153 1054 2206 coronatus.
1069 2161 1126 2204 ma·

127 2232 198 2294 dere
215 2231 331 2292 videtur
348 2240 378 2292 44
394 2231 516 2309 singulis
535 2230 580 2290 his
598 2239 628 2291 et
641 2233 752 2310 pariter
764 2231 912 2307 omnibus,
930 2247 985 2290 nec
1001 2246 1127 2306 gemma-

126 2335 188 2376 rum
207 2335 275 2377 esse
292 2315 350 2377 ulla
362 2316 500 2396 liquidior
515 2323 614 2394 potest
631 2315 753 2376 iucunda
768 2316 908 2375 suavitate
925 2312 1028 2374 oculis.
1052 2312 1126 2374 hacc

126 2401 320 2462 laudatissima
336 2409 382 2462 est
397 2399 536 2477 inludis,
557 2398 632 2478 apud
647 2416 721 2477 quos
739 2416 889 2476 sangenon
903 2405 1041 2474 vocatur,
1057 2415 1125 2475 pro·
1135 2413 1162 2454 aa

94 2537 95 2542 ,
126 2502 209 2546 xuma
222 2486 252 2545 44
263 2484 415 2564 Aegypto,
430 2485 479 2544 uhi
494 2484 614 2560 tenites,
626 2483 712 2543 444444
725 2484 755 2544 44
765 2482 884 2560 Arabia,
899 2500 1000 2542 verum
1011 2480 1125 2559 scabra,

126 2579 185 2629 tum
198 2569 319 2628 Pontica
340 2586 414 2648 quae
433 2568 549 2628 mollius
569 2567 679 2642 radiat,
701 2565 805 2627 Thasia
822 2600 864 2612 -
879 2574 909 2626 et
929 2568 992 2644 ipsa
1007 2563 1125 2625 mollior

127 2661 174 2712 cst
189 2685 249 2729 -,
272 2651 400 2712 Galatica
418 2660 448 2712 et
461 2651 584 2712 Thracia
604 2660 634 2710 et
652 2648 767 2729 Cypria.
797 2652 867 2711 vitia
887 2668 983 2711 earum
1001 2648 1125 2726 languor

126 2745 174 2796 aut
189 2737 293 2797 alicnis
310 2735 421 2796 turbari
435 2735 585 2796 coloribus
600 2743 631 2794 44
644 2753 719 2813 quae
736 2744 907 2797 ceterarum.
965 2786 967 2789 .

83 2833 133 2888 434
194 2821 276 2900 (47.)
306 2819 449 2880 Proxuma
476 2818 683 2880 candicantium
706 2827 753 2880 cst
776 2819 894 2882 asteria.
934 2813 1162 2898 principaturum

125 2905 215 2967 habet
230 2905 412 2984 proprietate
428 2913 559 2980 naturae,
575 2903 653 2982 quod
667 2903 804 2964 inclusam
820 2903 915 2964 lucam
930 2903 1039 2982 pupilla
1057 2921 1126 2982 qua·

126 2993 188 3052 dam
213 2991 352 3050 continet.
381 2989 454 3051 hanc
472 2986 645 3048 transfundit
660 3005 722 3048 cum
743 2987 930 3049 inclinatione
945 2987 1027 3048 velut
1048 2988 1125 3046 intus

126 3074 326 3136 ambulantem.
357 3072 415 3134 alio
439 3082 526 3153 atque
543 3071 600 3131 alio
618 3071 686 3132 loco
706 3072 832 3134 reddens
860 3071 961 3133 cadem
979 3072 1126 3132 contraria

126 3158 182 3218 soli
196 3160 309 3235 regerit
325 3157 501 3220 candicantis
514 3155 612 3218 radios
629 3157 658 3216 in
673 3157 787 3217 modum
799 3156 915 3234 stellae,
931 3156 1006 3217 unde
1018 3173 1125 3216 nomen

125 3243 243 3303 invenit.
267 3242 400 3303 difficiles
417 3245 446 3303 44
459 3241 540 3303 India
563 3248 647 3302 natae
664 3240 701 3301 ad·
713 3240 888 3303 caelandum.
919 3241 1160 3320 pracicrunturaa

126 3324 321 3388 Carmanicae.

82 3422 134 3477 134
198 3411 279 3492 (48.)
301 3409 440 3470 Similiter
461 3409 579 3470 candida
604 3417 650 3471 cst
674 3427 748 3488 quae
768 3417 890 3470 vocatur
909 3411 1036 3486 astrion,
1061 3427 1125 3486 cry·

124 3494 210 3557 stallo
237 3495 416 3575 propinqua,
449 3495 477 3554 in
500 3494 580 3556 ludia
603 3511 725 3555 nascens
746 3495 776 3552 in
795 3491 949 3554 Patalenes
977 3492 1124 3554 litoribus.
