2468 3896
172 218 212 278 20
518 229 548 277 c.
569 231 665 278 emm
681 227 832 278 sacurem

172 387 280 448 candor
293 387 436 466 pallorem
455 385 657 463 chrysocollae
675 385 796 446 adierat.
835 383 940 446 luteam
956 392 1057 463 putant
1079 383 1187 446 eluto

172 472 264 533 herba
285 472 404 548 dictam,
427 489 510 550 quam
531 472 622 550 ipsam
640 471 778 532 caeruleo
797 469 949 530 subtritam
976 485 1030 547 pro
1055 467 1186 546 chryso·

172 557 248 617 eolla
263 557 417 633 inducunt,
435 555 575 615 vilissimo
591 575 703 633 genere
720 564 807 634 atque
822 553 1020 614 fallacissimo.

129 649 163 706 92
239 639 321 724 (28.)
346 639 423 700 Usus
439 639 642 717 chrysocollae
660 648 690 700 et
710 641 739 699 in
754 639 895 699 medicina
911 647 957 698 est
972 637 1007 698 ed
1023 637 1186 716 purganda

171 724 294 786 volnera
310 745 373 786 cum
391 743 458 786 cera
476 733 564 803 atque
582 724 661 785 oleo.
696 724 798 787 eadem
817 742 872 802 per
893 742 925 783 se
942 722 1021 783 arida
1037 724 1128 783 siccat
1150 731 1210 786 ets

172 809 325 871 contrahit.
363 809 445 870 datur
468 818 498 871 et
522 811 550 869 in
577 811 681 887 angina
705 809 926 888 orthopnoeave
953 807 1090 884 lingenda
1113 825 1186 868 cum

172 895 270 955 melle.
300 895 427 954 concitat
446 895 639 972 vomitiones,
665 895 804 955 miscetur
821 901 851 954 et
865 892 996 970 collyriis
1013 890 1048 952 ad
1063 893 1186 952 cicatri-

172 997 221 1039 ces
239 979 388 1039 oculorum
409 997 442 1039 ae
463 979 603 1039 viridibus
621 979 786 1058 emplastris
804 977 840 1040 ad
854 977 974 1038 dolores
989 977 1184 1055 mitigandos,

172 1065 324 1124 cicatrices
340 1063 502 1123 trahendas.
526 1063 600 1124 banc
615 1063 827 1140 chrysocollam
844 1062 947 1122 medici
964 1063 1063 1122 acesio
1075 1062 1184 1140 appel·

129 1157 163 1212 93
175 1147 249 1225 lant,
264 1166 338 1226 quae
357 1166 415 1208 non
432 1157 478 1208 est
495 1149 628 1210 orobitis.
660 1148 744 1228 (29.)
762 1145 982 1224 chrysocollam
994 1153 1024 1206 et
1039 1145 1182 1206 aurifices
1195 1166 1224 1207 ao

172 1232 228 1292 sibi
243 1232 387 1292 vindicant
404 1232 609 1310 adglutinando
628 1251 710 1310 auro,
725 1241 755 1292 et
767 1231 834 1292 inde
851 1233 942 1292 omnis
958 1230 1121 1310 appellatas
1139 1233 1182 1292 si·

171 1317 279 1377 militer
295 1319 418 1376 virentis
430 1317 535 1378 dicunt.
561 1326 738 1397 temperatur
756 1324 851 1377 autem
865 1313 972 1395 Cypria
987 1316 1129 1392 aerugine
1148 1325 1183 1376 et

171 1403 254 1480 pueri
271 1401 388 1480 inpubis
404 1403 485 1462 urina
509 1401 606 1463 addito
627 1404 726 1479 nitro,
745 1403 907 1481 teriturque
924 1398 1033 1479 Cyprio
1059 1418 1130 1460 aere
1149 1403 1182 1461 in

172 1485 288 1565 Cypriis
303 1489 470 1564 mortariis,
489 1495 652 1547 santernam
667 1494 781 1547 vocant.
819 1487 859 1546 ita
872 1487 1061 1546 feruminatur
1076 1502 1182 1545 aurum

171 1571 248 1649 quod
271 1580 459 1648 argentosum
483 1581 598 1632 vocant.
641 1573 754 1649 signum
777 1579 840 1648 est,
871 1572 897 1630 si
920 1570 1015 1630 addita
1037 1577 1219 1631 santernam

171 1657 297 1715 nitescit.
338 1654 494 1716 ediverso
519 1673 654 1716 aerosum
677 1654 822 1716 contrahit
849 1674 882 1716 se
906 1654 1122 1731 hebetaturque
1147 1664 1180 1714 et

171 1738 330 1799 difficulter
354 1741 551 1800 feruminatur.
592 1740 626 1799 ad
648 1740 677 1799 id
700 1739 840 1817 glutinum
856 1740 888 1799 lit
905 1756 976 1798 auro
995 1746 1025 1798 et
1041 1747 1181 1816 septuma

170 1825 285 1900 argenti
302 1823 409 1902 [parte]
426 1823 462 1882 ad
482 1843 569 1902 supra
584 1825 659 1884 dicta
674 1825 777 1884 additis
801 1841 912 1902 unaque
931 1825 1017 1883 tritis.

127 1919 162 1972 94
237 1907 320 1986 (30.)
344 1904 529 1986 Contexique
547 1927 598 1987 par
617 1918 663 1970 est
677 1909 789 1989 reliqua
805 1911 882 1970 circa
897 1909 970 1985 hoc,
991 1916 1022 1968 ut
1037 1909 1181 1970 universa

170 1999 290 2052 naturae
308 1994 458 2070 contingat
476 1991 634 2054 admiratio.
666 1993 747 2054 Auro
763 1993 902 2070 glutinum
918 2002 964 2054 est
981 1992 1055 2069 tale,
1070 1993 1217 2070 argillam

169 2078 269 2154 ferro,
292 2078 409 2137 cadmea
429 2079 505 2137 aeris
521 2080 643 2156 massis,
668 2079 781 2139 alumen
801 2078 921 2154 lamnis,
940 2078 1037 2138 resina
1053 2075 1179 2155 plumbo

171 2169 201 2221 et
229 2163 381 2238 marmori,
409 2171 439 2222 et
460 2162 605 2240 plumbum
632 2166 744 2241 nigrum
773 2163 841 2223 albo
867 2163 995 2240 iungitur
1019 2163 1179 2240 ipsumque

170 2246 264 2305 album
288 2246 344 2306 sibi
365 2246 451 2324 oleo,
475 2249 545 2307 item
567 2257 699 2325 stagnum
723 2249 915 2324 aeramentis,
938 2255 1042 2324 stagno
1069 2264 1179 2324 argen-

170 2338 238 2389 tum.
277 2329 376 2390 Pineis
402 2340 520 2410 optume
541 2332 630 2410 lignis
646 2352 697 2392 aes
713 2333 879 2411 ferrumque
904 2330 1049 2408 funditur,
1071 2331 1179 2392 sedet

169 2415 320 2494 Aegyptio
343 2435 474 2494 papyro,
495 2417 587 2496 paleis
609 2435 715 2476 aurum.
763 2414 836 2476 Calx
859 2435 932 2495 aqua
953 2415 1121 2476 accenditur
1145 2425 1216 2478 etas

169 2499 309 2559 Thracius
332 2500 424 2580 lapis,
447 2500 522 2561 idem
545 2501 611 2561 oleo
636 2503 845 2579 restinguitur,
871 2502 947 2580 ignis
969 2509 1064 2560 autem
1086 2509 1177 2561 aceto

168 2602 300 2644 maxume
324 2592 354 2644 et
374 2586 456 2644 visco
479 2593 509 2644 et
532 2603 599 2646 ovo.
644 2585 736 2646 'derra
757 2588 881 2646 minume
904 2585 1024 2663 llagrat,
1051 2586 1176 2646 carboni

169 2670 213 2727 vis
229 2670 321 2728 maior
336 2677 441 2728 exusto
459 2671 621 2749 iterumque
638 2670 779 2748 flagranti.

12 2823 14 2828 ,
126 2765 159 2818 95
233 2753 261 2812 6.
286 2753 369 2832 (31.)
392 2753 438 2813 Ab
462 2753 506 2814 his
524 2757 637 2832 argenti
653 2755 769 2816 metalla
783 2755 931 2834 dicantur,
952 2773 1026 2835 quae
1043 2774 1175 2834 sequens

168 2839 279 2898 insania
293 2847 346 2898 est.
368 2836 491 2899 Nonnisi
507 2841 536 2898 in
553 2842 651 2918 puteis
672 2842 821 2919 reperitur
838 2840 974 2918 nullaque
992 2859 1046 2920 spe
1065 2843 1108 2901 sui
1126 2860 1177 2901 na·
1186 2865 1214 2907 30

169 2925 275 3000 scitur,
298 2923 383 2983 nullis
399 2932 430 2982 ut
446 2926 475 2984 in
491 2943 561 2984 auro
579 2925 744 2986 lucentibus
762 2925 904 2985 scintillis.
943 2933 1022 2986 terra
1038 2934 1085 2986 est
1100 2926 1176 2986 alias

168 3007 272 3085 rubra,
291 3008 362 3068 alias
378 3009 538 3070 cineracea.
568 3011 693 3089 excoqui
709 3028 767 3070 non
779 3018 890 3089 potest,
907 3011 962 3070 nisi
973 3028 1036 3070 cum
1052 3010 1176 3088 plumbo

168 3093 253 3168 nigro
271 3102 319 3152 aut
337 3111 401 3153 cum
420 3113 494 3154 vena
512 3095 638 3173 plumbi,
653 3095 786 3172 galenam
800 3103 923 3172 vocant,
940 3113 1014 3174 quoe
1031 3097 1113 3156 iuxta
1128 3114 1176 3156 ar-

167 3177 249 3252 genti
269 3195 360 3237 venas
383 3178 554 3256 plerumque
581 3181 739 3258 reperitur.
773 3188 804 3240 et
827 3181 931 3241 eodem
953 3198 1045 3259 opere
1062 3182 1175 3258 ignium

168 3261 291 3321 discedit
308 3279 375 3340 pars
392 3265 420 3322 in
443 3263 606 3341 plumbum,
628 3274 779 3342 argentum
801 3273 895 3324 autem
914 3266 1023 3325 innatat
1041 3282 1210 3344 superneec

125 3355 159 3410 96
171 3352 202 3404 ut
218 3345 313 3407 oleum
330 3348 421 3424 aquis.
447 3346 607 3426 Reperitur
621 3351 650 3409 in
668 3350 800 3410 omnibus
815 3367 910 3428 paene
926 3352 1099 3429 provinciis,
1117 3351 1174 3412 sed

167 3431 196 3488 in
211 3429 350 3509 llispania
374 3431 614 3510 pulcherrimum,
640 3434 670 3494 id
691 3453 808 3513 quoque
830 3437 858 3494 in
881 3432 974 3495 sterili
998 3433 1065 3495 solo
1082 3443 1174 3515 atque

167 3515 253 3575 etiam
269 3516 431 3594 montibus,
446 3525 476 3576 et
492 3517 664 3598 ubicumque
681 3537 735 3579 una
748 3521 865 3580 inventa
875 3536 951 3580 vena
967 3528 1087 3580 estnon
1102 3538 1175 3599 pro·
