2524 3910
128 219 186 280 178
477 229 506 278 c.
522 229 781 278 scrutandorum

125 387 255 448 tissimae
266 387 336 447 liunt
349 387 447 448 verius
459 403 541 464 quarn
551 394 706 446 nascuntur
719 386 748 444 iu
760 384 868 446 Arabia
881 387 1008 464 repertis
1019 387 1122 464 ingen·

125 471 201 530 tibus
224 470 338 548 glaebis
363 489 432 550 ques
459 469 546 530 melle
570 470 694 548 excoqui
723 469 835 530 tradunt
859 471 989 549 septenis
1016 470 1120 531 diebus

125 554 317 634 noctibusque
333 557 396 614 siue
411 555 643 630 intermissione,
665 555 705 613 ita
724 555 798 614 omni
817 563 934 614 terreno
953 556 1119 635 vitiosoque

125 637 250 698 decusso
265 647 414 717 purgatam
430 655 586 716 puramque
603 637 736 715 glaebam
748 638 887 698 artilicum
902 639 1021 716 ingenio
1039 641 1119 699 varie

125 721 259 782 distribui
275 725 304 782 in
320 740 409 784 venas
427 723 585 800 ductusque
605 720 777 782 macularum
797 739 881 800 quam
903 741 1032 782 maxume
1050 741 1143 784 ven-s

126 804 207 865 dibili
229 808 343 866 ratione
371 807 546 882 secantium,
577 804 776 884 quondamque
796 812 892 867 tantae
915 807 1120 884 magnitudinis

125 889 217 949 iactas
240 899 272 949 ut
294 891 377 969 equis
400 908 501 966 regum
521 892 550 950 in
571 891 686 950 oriente
705 889 840 950 frontalia
861 909 894 951 ac
914 909 967 970 pro
991 890 1119 970 phaleris

85 983 134 1038 195
145 972 270 1051 pensilia
289 974 430 1034 iacerent.
453 973 503 1032 'Et
521 974 591 1033 alias
613 992 712 1034 omnes
732 992 862 1051 gemmae
879 974 973 1035 mellis
996 974 1121 1036 decoctu

126 1058 288 1134 nitescunt,
317 1059 473 1136 praecipue
503 1056 615 1118 Corsici
641 1059 771 1118 inomni
797 1058 855 1118 alio
885 1077 938 1118 usu
965 1061 1121 1120 acrimonia

127 1140 320 1200 abhorrentis.
371 1159 445 1220 quae
467 1143 566 1202 variae
591 1151 656 1202 sunt
684 1150 714 1203 et
736 1141 770 1202 ad
797 1145 955 1203 novitatem
975 1143 1157 1204 accederem

126 1223 283 1285 calliditate
308 1225 489 1303 ingeniorum
519 1227 678 1303 contingit,
709 1235 739 1286 ut
767 1243 871 1288 nomen
900 1228 1034 1286 usitatum
1060 1244 1120 1288 non

126 1306 268 1386 habeant,
287 1308 386 1386 physis
404 1309 551 1388 appellant
565 1309 646 1369 velut
661 1311 752 1388 ipsius
769 1318 887 1371 naturae
902 1310 1121 1372 admirationem

125 1393 154 1450 in
169 1393 204 1451 iis
218 1392 409 1454 venditantes.
433 1391 502 1452 cum
517 1395 580 1454 finis
596 1395 740 1454 nominum
756 1396 875 1471 nonsit,
891 1413 965 1474 quae
980 1399 1120 1474 persequi

125 1492 183 1535 non
206 1476 340 1554 equidem
359 1478 457 1555 cogito
478 1479 626 1538 innumera
647 1486 677 1538 et
698 1476 807 1538 Graeca
836 1481 961 1539 vanitate
985 1479 1120 1558 conficta,

125 1558 257 1620 indicatis
273 1561 419 1622 nobilibus
435 1563 572 1638 gemmis,
589 1563 674 1622 immo
690 1579 762 1622 vero
778 1563 864 1622 etiam
879 1562 1012 1643 plebeis,
1029 1566 1121 1623 rarlo-
1132 1583 1158 1623 us

125 1661 186 1702 rum
212 1662 321 1721 genera
344 1644 430 1722 digua
453 1644 531 1706 dictu
551 1645 721 1706 distinxisse
746 1647 816 1706 satis
839 1649 904 1708 erit.
943 1647 1013 1708 illud
1033 1647 1120 1708 modo

124 1729 290 1788 meminisse
302 1731 469 1806 conveniet,
484 1729 715 1792 increscentibus
727 1731 807 1790 varie
820 1731 938 1792 maculis
952 1741 1039 1810 atque
1054 1750 1121 1792 ver-

124 1811 201 1870 rucis
229 1811 418 1891 liuiurumque
444 1814 658 1874 interveniente
678 1813 828 1892 multiplici
850 1815 935 1876 ductu
961 1825 991 1877 et
1016 1815 1120 1878 colore

126 1895 242 1973 saepius
257 1897 359 1955 mutari
378 1898 491 1957 nomina
507 1899 536 1956 iu
551 1897 652 1958 eadem
667 1898 836 1977 plerumque
851 1902 979 1960 materia.

85 1987 133 2042 196
185 1979 266 2060 (75.)
282 1977 364 2040 Nunc
382 1982 570 2042 communiter
589 1981 625 2042 ad
646 1983 768 2042 omnium
791 2001 965 2060 gemmarum
982 1984 1158 2066 observa-,20

127 2063 235 2122 tionem
252 2064 428 2141 pertinentia
442 2065 569 2126 dicemus
585 2067 738 2144 opiniones
755 2069 846 2127 secuti
869 2077 1024 2129 auctorum.
1066 2068 1120 2129 Ga-

125 2163 180 2206 vae
208 2156 256 2207 aut
279 2147 487 2209 extuberantes
511 2149 632 2211 viliores
654 2151 787 2211 videntur
809 2151 987 2230 aequalibus.
1028 2153 1121 2230 ligura

126 2229 254 2308 oblonga
273 2249 404 2292 maxume
425 2233 581 2312 probatur,
607 2234 711 2294 deinde
732 2253 805 2312 quae
829 2244 947 2296 vocatur
965 2239 1123 2318 lentecula‚

124 2323 230 2392 postea
245 2316 388 2395 epipedos
406 2326 435 2377 et
450 2318 589 2397 rotunda,
604 2319 752 2396 angulosis
770 2329 863 2379 autem
876 2321 998 2380 minuma
1015 2323 1119 2398 gratia.

84 2407 133 2464 197
148 2397 242 2460 Veros
264 2418 281 2460 a
301 2400 383 2462 falsis
410 2402 579 2464 discernere
600 2420 703 2480 magna
723 2402 892 2481 difficultas,
919 2406 1027 2482 quippe
1056 2423 1157 2474 cumea

124 2483 271 2545 inventum
292 2487 331 2544 sit
351 2505 389 2546 ex
417 2488 494 2546 veris
519 2489 638 2564 generis
662 2486 782 2546 alterius
804 2489 833 2546 in
855 2486 931 2548 aliud
952 2488 1041 2550 lalsas
1063 2498 1120 2549 tra·

126 2566 252 2644 ducere,
273 2578 304 2628 ut
326 2569 521 2646 sardonyches
544 2573 670 2631 eternis
690 2570 867 2648 glutinantur
890 2575 1010 2648 gemmis
1032 2575 1120 2632 itaut

124 2650 264 2729 deprendi
294 2670 341 2712 ars
371 2670 428 2713 non
454 2655 565 2732 possit,
602 2653 716 2715 aliunde
742 2656 826 2732 nigro
858 2655 971 2716 aliunde
998 2656 1120 2716 candido

124 2733 239 2795 aliunde
256 2735 344 2795 minio
356 2739 495 2815 sumptis,
511 2737 642 2798 omnihus
657 2740 686 2798 in
702 2756 755 2798 suo
767 2757 879 2816 genere
893 2739 1119 2818 probatissimis.

126 2819 300 2894 quinimmo
324 2821 410 2880 etiam
431 2830 546 2882 exstant
566 2824 762 2883 commentarii
782 2831 946 2901 auctorum,
967 2841 1040 2902 quos
1061 2842 1160 2892 nonao

125 2902 258 2979 equidem
272 2902 494 2982 demonstrabo,
511 2906 721 2984 quibusmodis
737 2925 775 2967 ex
786 2907 923 2984 crystallo
939 2907 1121 2986 zmaragdum

124 2987 254 3062 tinguant
281 2987 409 3067 aliasque
433 2989 619 3068 tralucentis,
648 2990 857 3067 sardonychem
878 3009 895 3051 c
917 2991 999 3052 sarda
1008 3035 1018 3068 ,
1049 2994 1121 3052 item

125 3077 240 3131 ceteras
256 3091 294 3131 ex
313 3071 395 3149 aliis,
416 3092 510 3153 neque
534 3075 609 3134 enim
629 3084 675 3135 est
696 3073 753 3134 ullu
772 3075 851 3135 lruus
868 3077 945 3136 vitae
964 3074 1119 3138 lucrosior.

86 3160 134 3216 198
189 3153 235 3213 13.
252 3154 334 3234 (76.)
347 3154 409 3216 Nos
423 3166 522 3218 contra
534 3161 677 3219 rationem
691 3157 888 3237 deprendendi
900 3159 989 3220 falsas
1002 3158 1120 3220 demon-

125 3236 296 3314 strabimus,
322 3239 434 3316 quando
456 3242 541 3302 etiarn
561 3242 701 3302 luxuriam
721 3240 860 3302 adversus
876 3243 991 3306 fraudes
1007 3247 1161 3309 menariae

125 3319 237 3380 deceat.
265 3320 357 3398 Igitur
369 3333 486 3400 praeter
499 3325 548 3386 illa
564 3327 682 3403 quaein
697 3327 859 3404 principatu
874 3329 1013 3406 cuiusque
1028 3346 1122 3404 gene-

124 3405 165 3464 ris
178 3405 310 3483 privatim
325 3404 445 3468 diximus
460 3408 627 3470 tralucentis
643 3411 781 3471 matutino
792 3411 910 3490 probari
926 3420 1046 3472 censent
1060 3421 1121 3490 aut,

84 3499 134 3555 199
145 3489 170 3549 si
186 3506 310 3550 necesse
325 3497 389 3568 est,
410 3493 439 3553 in
455 3501 584 3572 quartam
598 3494 714 3572 horam,
732 3504 838 3575 postea
860 3505 966 3558 vetant.
1003 3498 1121 3576 experi-
