2540 3902
461 233 569 289 RERUM
590 233 632 288 ΕΤ
654 231 835 292 VERBORUM.
1096 223 1161 288 229

167 364 201 411 24
214 369 258 410 488.
281 361 342 422 quid
353 361 379 410 iu
391 362 527 427 mingendo
540 363 636 427 praeci·
695 378 739 411 cur
754 364 838 428 capita
854 363 951 426 aperire
963 361 1083 410 iusserint
1093 370 1161 409 vete-

166 431 240 543 piant
251 427 284 478 28
296 436 328 481 89.
348 429 375 476 in
393 429 541 493 exspuendo
558 433 591 480 30
603 439 635 482 47,
694 428 823 480 4002889.
854 442 941 478 eorum
957 427 1114 492 precationes
1129 427 1161 476 28
1220 489 1221 494 ¹

187 495 283 545 elunae
292 495 402 544 nominis
412 510 461 544 usu
470 499 502 546 37
512 505 555 544 444.
567 511 635 546 com·
695 506 728 546 14.
751 511 795 546 000
808 496 899 544 cotidie
910 504 1001 559 regunt
1012 494 1073 559 galli
1085 495 1117 544 10
1128 502 1161 546 49.

166 571 252 611 menta
264 563 290 610 in
302 571 355 611 arte
366 562 482 612 medendi
497 565 530 612 28
542 571 566 611 47
578 578 635 625 000.
695 578 782 613 eorum
797 563 876 627 virgis
890 561 1006 612 terribilis
1021 570 1060 610 est
1070 559 1162 610 betulia

167 637 201 680 88.
214 637 251 678 188
263 643 303 690 sq.
315 637 361 678 491.
381 629 408 677 in
420 630 530 695 capitum
542 630 637 678 dolori·
695 630 770 680 arbor
782 632 814 678 16
826 639 858 678 78.

167 696 215 745 bus
227 696 261 746 28
272 703 305 745 49.
326 696 353 744 iu
365 695 532 744 comitialibus
545 698 578 746 28
589 706 635 746 448.
661 697 773 760 Magiam
786 711 810 745 0.
821 695 922 745 Africae
932 695 1005 744 inter.
1018 695 1079 747 844.

167 771 213 811 489.
232 763 265 813 30
276 771 310 814 94.
337 763 364 811 in
377 762 488 812 febribus
501 764 533 812 28
546 772 584 812 448
596 779 635 825 00.
661 780 763 828 magma,
776 764 899 828 unguenti
909 762 969 812 laex
984 765 1016 812 13
1028 770 1061 812 19.

168 831 258 880 30199.
277 831 310 880 32
323 838 410 891 14800.
432 830 459 878 in
471 830 636 895 glaucomatis
661 847 751 892 magna
764 831 890 895 Carthago
902 833 918 880 8
929 837 949 878 4.
962 837 994 878 44.
1006 837 1041 878 49.

168 899 257 946 29147.
286 897 314 943 in
329 895 476 960 hydropicis
491 897 524 946 28
535 906 581 947 484,
611 900 637 945 in
662 898 760 962 Magna
773 897 945 948 0400040398
957 911 996 958 00.
1162 937 1164 942 .

169 962 313 1011 ischiadicis
326 963 359 1012 28
372 972 415 1012 499.
434 967 467 1014 30
478 972 511 1016 84,
534 965 561 1013 in
572 964 637 1013 liene
662 965 770 1029 Magnes
789 964 915 1030 magnetis
936 961 1028 1028 lapidis
1048 961 1164 1011 inventor

168 1031 202 1080 28
213 1039 259 1080 sot.
276 1031 309 1080 89
320 1039 354 1083 st.
373 1031 399 1078 in
410 1030 552 1080 lumborum
564 1031 637 1080 0040-
695 1033 728 1082 38
741 1041 786 1080 444.

167 1097 238 1146 ribus
248 1098 281 1147 28
290 1105 327 1146 498
336 1111 376 1158 00.
393 1097 419 1145 in
431 1097 592 1162 lymphaticis
605 1100 638 1148 30
661 1114 762 1162 magnes
773 1098 823 1163 lap.
836 1097 998 1148 36148-189.
1024 1095 1117 1144 ferrum
1130 1095 1164 1143 ad

168 1172 203 1218 84,
232 1164 259 1212 in
271 1163 344 1212 malis
357 1164 545 1214 medicamentis
560 1167 593 1216 30
604 1173 637 1220 84.
696 1164 864 1216 0014044420
880 1173 901 1216 4.
930 1163 1091 1213 concordiam
1107 1176 1163 1210 cum

168 1245 196 1279 m
209 1244 342 1279 nervorum
355 1231 484 1280 doloribus
497 1235 584 1282 30110.
611 1235 638 1282 in
696 1233 752 1282 solo
768 1231 835 1281 ierro
853 1231 928 1280 habet
943 1232 1033 1281 34147.
1063 1243 1163 1277 cumeo

170 1297 250 1346 oculis
263 1299 295 1348 32
308 1306 340 1346 74.
359 1299 385 1346 in
398 1300 495 1348 renium
507 1297 638 1349 doloribus
697 1299 805 1350 dissidet
815 1298 919 1347 adamas
933 1299 966 1348 37
978 1305 1010 1348 84.
1038 1309 1123 1356 quom.
1138 1296 1164 1343 in

169 1364 261 1414 28199.
287 1364 320 1413 00
337 1364 503 1414 adliciendum
521 1380 638 1416 somnum
698 1365 831 1416 Cantabria
847 1373 965 1434 nascatur
980 1366 1071 1415 34148.
1099 1363 1164 1410 vitro

169 1431 203 1480 28
214 1439 261 1480 489.
278 1431 304 1478 in
317 1432 404 1481 urinae
415 1434 595 1482 incontinentia
606 1435 639 1484 28
696 1432 812 1482 iaciendo
828 1431 898 1480 utilis
915 1431 1056 1484 00434148.
1075 1431 1108 1479 36
1120 1437 1164 1476 494.

170 1506 217 1550 418.
230 1498 257 1546 in
266 1497 399 1547 infantium
408 1500 503 1548 morbis
513 1499 545 1548 28
554 1509 600 1552 489.
612 1503 639 1548 in
658 1558 660 1561 ¹
698 1515 742 1552 cur
765 1498 933 1547 Alexandriae
956 1496 1077 1545 Arsinoes
1102 1505 1165 1543 tem-

170 1564 293 1628 lentigine
304 1575 410 1629 negatur
421 1581 483 1614 usus
495 1567 529 1615 28
540 1575 585 1616 188.
608 1567 640 1616 00

697 1566 768 1631 plum
781 1580 809 1614 eo
823 1573 1025 1613 concamaratum
1035 1563 1068 1610 sit
1077 1563 1110 1612 34
1118 1569 1164 1610 448.

171 1633 197 1679 vi
207 1641 231 1680 et
239 1646 288 1682 usu
296 1631 440 1681 herbarum:
451 1632 639 1697 aglaophotidis
664 1633 799 1698 Magnesia
809 1631 972 1680 Macedoniae
983 1629 1138 1679 contermina
1149 1630 1166 1676 4

173 1699 256 1747 24189.
271 1701 641 1750 anemones21166.antirrhini

174 1765 263 1815 28149.
281 1765 386 1816 04040444
394 1768 428 1816 20
436 1775 468 1818 74.
488 1781 594 1833 erynges
606 1769 640 1817 22

175 1839 207 1879 49.
225 1831 369 1897 heliotropii
375 1835 410 1882 ’22
419 1841 451 1882 84.
463 1833 639 1887 ltierabotanes

175 1898 227 1946 sive
238 1898 391 1948 verbenacae
403 1902 436 1950 28
447 1909 484 1949 498
496 1917 533 1964 sq.
554 1911 639 1964 nycte-

173 1965 322 2028 04002184.
334 1967 460 2031 parthenii
469 1969 552 2021 21478.
564 1983 640 2033 pseu-

173 2031 410 2083 doanchusaeiioo.
427 2034 585 2085 animalium:
596 2051 641 2084 an-

174 2099 247 2161 guini
264 2100 305 2147 ovi
321 2101 353 2150 29
365 2110 390 2149 84
401 2117 457 2162 sqq.
485 2103 597 2152 basilisci
608 2104 640 2153 29

172 2172 206 2212 88.
232 2164 341 2215 bubonis
353 2169 385 2216 29
397 2176 420 2217 84
434 2184 473 2230 sq.
502 2171 641 2220 draconum

171 2232 205 2280 29
218 2240 243 2280 87
255 2246 294 2292 00.
318 2232 463 2282 echinorum
475 2237 507 2286 32
517 2245 551 2285 74.
572 2236 641 2300 gryl-

173 2296 255 2346 lorum
266 2300 299 2348 29
310 2307 354 2350 438.
373 2300 534 2351 hirundinum
546 2303 571 2350 in
580 2316 641 2350 ren-

172 2374 210 2412 440
225 2373 382 2429 repertorum
396 2367 539 2432 lapillorum
552 2370 583 2418 11
596 2377 641 2419 493.

698 1709 723 1750 84
735 1715 774 1761 00.
792 1697 824 1748 cl.
841 1707 861 1751 t.
876 1707 896 1748 3.
925 1698 960 1745 ibi
977 1711 1082 1761 magnes
1099 1695 1164 1759 lapis

698 1768 731 1818 36
743 1775 788 1816 448.
814 1765 872 1815 lons
885 1763 981 1813 calidus
993 1777 1044 1812 non
1056 1761 1166 1811 medioa-

698 1844 739 1884 44ιο
753 1836 785 1885 31
797 1841 830 1884 84,
849 1848 863 1881 0
874 1831 955 1885 calida
966 1845 1033 1892 aqua
1044 1827 1166 1878 10040444-

698 1901 759 1966 gida
774 1913 826 1949 non
843 1909 938 1948 mutato
955 1897 1016 1947 salis
1030 1896 1165 1960 00004031

698 1977 732 2022 84.
750 1968 863 2016 siderum
874 1966 937 2016 ratio
948 1967 980 2015 18
989 1973 1035 2013 414.
1053 1963 1113 2012 inde
1125 1975 1166 2010 or·

698 2044 726 2084 ta
741 2033 874 2100 Magnesia
888 2034 922 2082 ad
938 2031 1083 2081 Maeandri
1100 2035 1146 2078 444.
1160 2025 1164 2089 Ι

699 2102 839 2154 Maeandri
849 2103 865 2152 8
874 2109 920 2150 444.
941 2099 1040 2148 insulae
1051 2097 1115 2145 mari
1127 2097 1167 2144 in·

699 2169 731 2219 de
743 2169 840 2218 ablatae
850 2168 911 2217 ibid.
925 2176 949 2216 et
959 2168 976 2216 2
987 2173 1033 2218 494.
1062 2163 1097 2212 ibi
1111 2177 1167 2211 ma-

700 2251 765 2300 04400-
783 2235 932 2284 deterrimus
955 2235 988 2283 36
1011 2239 1048 2280 148
1064 2245 1103 2292 sq.
1119 2229 1124 2288 Ι
1138 2230 1167 2276 In

700 2303 831 2366 Magnesia
847 2300 965 2365 Sipylum
981 2308 1048 2348 terra
1061 2297 1166 2345 devora·

699 2369 817 2420 4442498.

173 2431 286 2494 hyaenae
307 2433 340 2482 28
361 2442 394 2482 94.
423 2435 530 2484 lacertae
546 2438 579 2486 30
595 2444 640 2486 444.
666 2435 811 2500 Magnetum
828 2434 931 2484 emaum
947 2431 1003 2492 quis
1020 2428 1132 2494 pinxerit
1152 2429 1167 2476 7

172 2497 254 2547 leonis
267 2499 350 2564 adipis
362 2503 395 2552 28
407 2509 431 2550 89
444 2517 482 2563 00.
502 2501 596 2567 4000440
608 2501 641 2551 28

173 2573 218 2615 199.
233 2573 278 2614 449.
308 2565 430 2616 lusciniae
446 2570 528 2618 carnis
546 2571 578 2619 32
596 2577 641 2617 418.

701 2510 746 2552 448.
764 2505 796 2553 35
808 2511 842 2550 88.
857 2497 862 2566 Ι
877 2498 1010 2563 Magnetes
1023 2512 1040 2545 a
1052 2495 1140 2560 Sipylo
1152 2495 1167 2543 5

701 2577 746 2619 129.

173 2646 251 2680 ranae
262 2634 295 2682 32
304 2640 337 2683 49.
363 2635 436 2684 ricini
453 2638 573 2697 308400.
600 2649 641 2684 00-
667 2635 828 2698 Magnopolis
840 2649 864 2683 u.
878 2630 1060 2696 00000068.-

172 2697 318 2748 lamandrae
337 2703 370 2751 29
391 2709 423 2750 78.
455 2702 538 2766 talpae
558 2704 641 2752 3018.
667 2701 786 2768 Magnam
797 2699 1016 2750 mare=htlant
1028 2699 1044 2747 3
1056 2703 1089 2744 77.

173 2765 329 2814 testudinum
341 2767 429 2816 urinae
440 2770 472 2819 32
484 2777 516 2818 94.
538 2783 642 2832 vesper·
667 2768 786 2833 Magnam
795 2767 992 2832 promontorium
1002 2766 1020 2813 4
1029 2771 1074 2813 418.

173 2830 269 2882 tillonis
281 2834 314 2883 29
326 2841 359 2886 83.
377 2836 410 2884 30
421 2843 454 2884 84.
485 2849 641 2898 gemmarum
668 2835 877 2900 Magaucpartas
888 2832 1068 2882 Maarsabto.

174 2899 207 2948 37
229 2907 274 2948 118.
296 2908 340 2954 444.
358 2907 403 2950 133.
421 2909 467 2950 498.
485 2910 530 2952 144.
549 2910 586 2952 144
602 2917 640 2963 00.
669 2901 746 2966 Mago
759 2918 784 2951 u.
797 2900 889 2950 Baliar.
902 2903 962 2949 377.

174 2973 221 3016 147.
239 2975 285 3017 188.
301 2975 347 3016 188.
364 2975 409 3020 tot.
423 2975 467 3020 198.
480 2976 525 3018 487.
538 2977 583 3018 189.
596 2977 642 3018 488.
668 2969 764 3034 Magoa
776 2985 800 3017 u.
814 2968 846 3016 ad
858 2965 980 3015 Eulaeum
992 2976 1059 3012 amn.
1072 2962 1140 3010 6138.

173 3041 220 3082 194.
235 3033 353 3098 perfugia
361 3035 487 3095 quaedam
493 3037 527 3086 30
535 3043 568 3088 18,
581 3035 643 3097 quid
667 3035 787 3100 Magonis
798 3033 876 3082 Poeni
885 3032 917 3081 de
926 3029 1079 3095 agricultura
1090 3027 1167 3076 libros

174 3113 262 3150 eorum
282 3111 349 3150 artes
364 3102 453 3151 inritas
469 3101 546 3152 iaciat
562 3103 596 3160 28
609 3110 642 3152 88.

174 3174 220 3214 104.
233 3176 279 3216 105.
297 3168 329 3219 34
341 3175 375 3216 34.
393 3170 426 3219 88
438 3177 483 3220 aaa.

702 3111 804 3151 senatus
821 3101 848 3148 in
863 3098 918 3148 Lat.
935 3097 1049 3161 linguam
1060 3095 1143 3145 transl
1156 3123 1168 3131 —

701 3169 794 3218 nendos
810 3166 908 3216 censuit
925 3165 957 3214 18
972 3173 1004 3212 44.
1029 3161 1060 3212 04.
1072 3163 1168 3226 Diony·

139 3233 253 3298 aragides
262 3253 297 3278 =
307 3234 391 3284 lances
404 3239 436 3286 33
448 3245 493 3289 448.
701 3238 761 3285 riae.

139 3302 284 3364 magiriscia
296 3302 353 3364 quis
365 3301 498 3354 caelaverit
509 3305 541 3355 33
552 3313 598 3354 187.
668 3301 792 3364 Magoras
804 3300 830 3349 ll.
842 3299 962 3350 Phoenic.
974 3299 990 3348 8
1002 3305 1034 3346 78.

140 3365 254 3430 Magirsi
266 3383 289 3417 o.
303 3367 371 3420 Cilic.
384 3371 441 3420 894.
667 3369 811 3433 magydaris
822 3367 847 3416 h.
861 3377 885 3416 et
896 3364 973 3415 caulis
987 3367 1018 3414 13
1030 3373 1063 3414 48.
1075 3371 1109 3411 48.

139 3436 302 3498 magistratus
322 3450 372 3497 quo
394 3451 461 3487 anno
479 3437 575 3486 Romae
591 3451 643 3486 non
668 3435 769 3486 Maiam·
779 3435 847 3485 horti
859 3435 891 3484 38
904 3443 937 3482 84.

175 3501 269 3550 luerint
289 3505 321 3553 16
339 3510 385 3552 488.
415 3519 502 3554 eorum
522 3505 643 3570 adspectu
668 3503 804 3552 maioriaae
815 3503 894 3552 olicae
907 3502 938 3550 18
951 3507 983 3546 48.
