2524 3910
325 240 405 287 nnn.
424 239 515 288 rursu.
533 241 667 292 xxxvu.
689 239 731 292 lo.
750 225 899 310 (ss-ee.)
1052 233 1106 292 171

110 397 177 458 niae
200 395 321 456 duorum
344 404 409 456 sunt
430 414 588 474 generum,
613 395 793 458 hirundinum
811 395 931 473 colore,
962 415 1001 458 ex
1020 397 1113 460 altera

110 488 195 560 parte
209 497 356 559 purpurea
372 488 402 540 et
417 480 471 540 alia
488 482 518 541 iu
536 497 662 558 purpura
675 481 767 559 nigris
782 480 1037 558 interpellantibus
1055 501 1112 543 ma·

110 563 193 625 culis.
232 562 374 625 Ghelouia
389 564 489 626 oculus
505 573 552 625 est
567 563 682 625 Indicae
699 565 871 642 testudinis,
892 564 941 626 vel
957 574 1112 645 portento·

109 649 224 710 sissima
235 646 385 726 blugorum
396 649 561 710 mendaciis.
588 648 675 710 melle
687 650 763 710 enim
778 648 877 711 coluto
889 666 941 710 ore
956 651 1113 730 inpositam
1185 703 1190 706 ,

86 732 228 810 elinguas
249 732 410 794 futurorum
431 731 637 794 divinationem
659 742 811 812 praestare
839 735 1011 812 promittunt
1032 736 1113 814 quin·

110 815 261 877 tadecuma
272 815 339 878 luna
353 824 384 877 et
400 815 506 878 silente
522 825 586 877 toto
598 816 663 893 die,
679 825 834 878 cinnoente
846 835 920 878 vcro
934 826 1001 880 aute
1019 827 1113 879 ortum

110 900 201 978 solis,
219 901 328 962 ceteris
338 899 469 961 diebusa
484 901 574 978 prima
588 903 617 960 in
630 910 742 962 sentam
753 901 861 963 horam.
887 901 960 962 Sunt
971 911 1002 964 et
1012 902 1112 964 chelo-

1 975 2 1044 l
110 986 217 1047 nitides
233 984 407 1046 testudinum
419 985 540 1062 similes,
556 1003 595 1046 er
606 987 709 1063 quibus
722 985 758 1046 ad
770 993 960 1065 tempestates
971 986 1112 1048 sedandas

109 1068 198 1130 multa
219 1070 427 1147 vaticinantur,
450 1087 512 1128 earn
527 1086 601 1130 vero
616 1087 690 1148 quae
707 1071 817 1150 [exiis]
835 1071 933 1132 aureis
953 1073 1043 1148 guttis
1064 1069 1112 1130 ad·

75 1170 214 1232 respersa
235 1149 274 1215 sit
294 1170 357 1214 oum
372 1154 531 1214 scarabaeo
547 1153 689 1214 deiectam
702 1156 733 1214 in
746 1172 849 1233 aquam
863 1154 1026 1215 ferventem
1042 1163 1113 1216 tem·

110 1244 243 1317 pestatcs
254 1251 448 1298 commovere.
475 1234 615 1298 chloritis
631 1236 769 1299 herbacei
783 1238 893 1300 coloris
909 1247 971 1314 est,
988 1241 1156 1304 caminici

109 1329 216 1383 ventre
230 1321 394 1382 motacillae
411 1322 473 1382 avis
488 1323 613 1382 inveniri
630 1323 728 1384 dicunt
742 1321 820 1401 hlugi
834 1325 1019 1400 congenitam
1033 1325 1061 1383 ci
1083 1333 1113 1384 et

109 1407 192 1466 ferro
204 1404 310 1466 includi
326 1405 427 1466 iubent
441 1404 476 1466 ad
491 1406 630 1484 quaedam
644 1404 814 1484 prodigiosa
828 1409 917 1467 moris
934 1409 986 1468 sui.
1019 1406 1113 1467 Choa-

1 1495 3 1544 l
110 1491 220 1568 spitisa
232 1488 861 1568 lluminedictaestexviridilulgorisaurei.
878 1487 1112 1569 chrysolampsis

1 1647 2 1658 ἵ
75 1589 99 1631 15
109 1577 139 1634 iu
151 1574 310 1651 Aethiopia
325 1576 469 1652 nascitur,
485 1572 594 1653 pallida
607 1574 678 1634 alias
694 1574 747 1634 sed
761 1583 848 1634 noctu
864 1576 959 1652 ignea.
987 1573 1113 1651 Chryso·

1 1689 3 1786 p
110 1661 155 1738 pis
172 1675 271 1719 aurum
282 1657 398 1718 videtur
409 1677 488 1720 osse.
519 1656 697 1737 Gepiouides
713 1660 742 1719 in
754 1657 881 1719 Aeolide
893 1658 1024 1720 Atarneo
1038 1676 1112 1718 uunc

109 1760 205 1822 pago,
222 1741 365 1820 quondam
381 1741 507 1822 oppido,
525 1750 681 1804 nascuntur
695 1741 791 1802 multis
806 1741 954 1803 coloribus
970 1743 1113 1803 tralucen-

109 1837 174 1904 tes,
192 1826 264 1887 alias
281 1827 410 1904 vitreae,
426 1826 498 1888 alias
515 1824 718 1904 crystallinae,
740 1826 810 1887 alias
827 1826 994 1906 iaspideae,
1013 1826 1066 1887 sed
1082 1834 1113 1888 et

1 1939 2 1950 2
110 1911 238 1972 sordidis
255 1918 350 1970 tantus
366 1920 412 1972 est
426 1913 504 1971 nitor
520 1920 551 1972 ut
564 1911 706 1988 imagines
722 1910 843 1972 reddant
861 1929 915 1971 ocu
934 1910 1062 1990 specula.

75 2014 101 2056 ao
174 1996 260 2075 (57.)
275 1993 433 2073 Daphnean
447 1993 622 2057 Zoroastres
636 1995 746 2056 morbis
767 1995 960 2057 comitialibus
976 1995 1093 2056 demon·
1105 2005 1154 2061 157

111 2088 193 2141 strat.
216 2076 382 2140 Diadochos
394 2078 509 2140 berullo
522 2077 624 2139 similis
638 2088 693 2140 est.
715 2078 846 2158 Diphpcs
859 2078 978 2158 duplex,
993 2078 1112 2141 candida

110 2183 146 2224 ac
163 2165 263 2240 pigra,
287 2181 347 2222 mas
363 2181 397 2224 ac
411 2164 534 2240 lemine,
553 2163 680 2240 genitale
700 2165 851 2242 utriusque
867 2163 1066 2241 distinguente
1080 2163 1113 2224 li·

112 2251 167 2309 nia.
198 2246 355 2324 Dionysias
378 2249 461 2325 nigra
483 2265 517 2307 ac
536 2247 606 2307 dura
625 2249 721 2308 mixtis
745 2246 917 2308 rubentibus
938 2247 1056 2308 maculis
1075 2266 1114 2308 ex

110 2351 185 2412 aqua
205 2333 273 2392 trita
291 2349 427 2410 saporem
440 2333 499 2391 vini
521 2332 591 2392 facit
613 2339 643 2392 et
665 2331 801 2391 ebrietati
822 2331 966 2391 resistere
988 2339 1111 2410 putatur.

75 2417 278 2478 asDraconitis
300 2418 364 2476 sive
384 2415 533 2478 dracontia
548 2434 566 2476 e
581 2415 706 2476 cerebro
723 2415 754 2474 lit
768 2415 940 2491 draconum,
964 2415 1016 2476 sed
1038 2415 1093 2474 nisi
1105 2425 1157 2480 158

110 2500 278 2562 viventibus
291 2501 408 2560 absciso
420 2501 516 2578 capite
529 2517 587 2559 nou
598 2499 768 2576 gemmescit
780 2497 887 2558 invidia
899 2498 1027 2559 animalis
1039 2500 1113 2559 mori

111 2605 144 2646 se
167 2585 334 2645 sentientis.
372 2585 462 2662 igitur
477 2582 686 2644 dormientibus
708 2591 862 2661 amputant.
898 2581 1037 2659 Sotacus,
1064 2584 1113 2661 qui

1 2677 2 2696 ¹
110 2672 203 2730 visam
233 2685 295 2728 earn
321 2684 463 2745 gemmam
489 2669 545 2728 sibi
568 2666 643 2753 apud
662 2684 764 2745 regem
786 2668 921 2746 scripsit,
947 2667 1023 2744 bigis
1046 2667 1113 2728 vehi

110 2754 282 2832 quaerentis
309 2751 395 2812 tradit
422 2761 453 2813 et
474 2753 538 2812 viso
559 2751 687 2813 dracoue
707 2769 849 2829 spargere
875 2753 968 2813 somni
991 2751 1114 2812 medica.

75 2845 209 2900 conuenta
224 2845 311 2915 atque
326 2838 366 2896 ita
381 2839 486 2916 sopitis
504 2835 686 2914 praecidere.
723 2853 790 2897 esse
812 2835 939 2896 candore
960 2834 1113 2912 tralucido,

110 2939 167 2984 uec
183 2929 290 3000 postea
306 2919 393 2999 poliri
408 2928 457 2981 aut
472 2928 563 2980 artem
578 2919 741 2980 admittere.
1105 2957 1111 2968 -

176 3005 260 3084 (58.)
277 3003 419 3067 Eucardia
437 3005 658 3082 cognominatur
678 3012 707 3064 et
723 3003 812 3064 ariste
832 3003 862 3061 in
884 3005 969 3080 nigro
991 3001 1156 3067 colore159

112 3090 214 3166 effigie
236 3088 333 3149 cordis
355 3091 520 3166 eminente,
545 3088 637 3149 altere
654 3087 758 3149 eodem
776 3088 892 3146 nomine
912 3087 998 3148 viridi
1012 3085 1115 3148 colore

113 3173 211 3234 cordis
231 3173 378 3252 speciem,
403 3174 490 3234 tertia
503 3173 617 3250 nigrum
630 3189 682 3232 cor
699 3170 827 3232 ostendit
847 3171 959 3249 reliqua
981 3172 1025 3232 sui
1050 3189 1116 3231 can·

75 3273 102 3315 as
114 3257 190 3318 dida.
217 3256 362 3318 Euorchis
378 3257 495 3318 candida
508 3265 554 3317 est
564 3255 722 3334 divisisque
733 3256 903 3332 fragmentis
920 3255 1038 3316 testium
1053 3255 1114 3316 eili-

113 3343 193 3419 giem
209 3349 420 3420 repraesentat.
450 3340 620 3422 Eprenum
637 3337 811 3400 Zoroastres
827 3341 990 3417 speciosam
1005 3349 1035 3400 ct
1050 3357 1115 3399 cau·

114 3426 208 3486 didam
228 3424 388 3504 traditque
409 3426 543 3486 aurifices
568 3442 667 3485 aurum
686 3423 807 3502 poliant.
841 3421 999 3500 llrvthallis
1030 3441 1093 3482 cum
1108 3432 1157 3487 160

115 3511 153 3570 sit
179 3509 315 3587 eandida,
340 3509 376 3570 ad
402 3508 605 3571 inclinationes
624 3508 784 3569 rubescere
805 3506 926 3568 videtur.
961 3505 1114 3584 Erotylos,
