2510 3898
136 192 195 255 150
478 202 508 251 o.
523 204 621 252 aurun
637 202 786 251 sacuam
897 214 900 220 ¹

90 372 125 426 42
198 361 228 422 3.
249 358 367 422 Certum
390 367 437 419 est
460 360 540 438 gigni
562 360 590 419 in
605 357 707 418 insulis
726 358 965 437 septentrionalis
982 357 1085 419 oceani
1102 365 1133 418 et

133 446 169 506 ab
187 444 335 507 Germanis
357 443 498 523 appellari
516 443 663 522 glaesum,
684 444 782 522 itaque
805 451 836 504 et
857 443 892 504 ab
913 444 1022 504 nostris
1044 443 1082 503 ob
1103 439 1133 502 id

138 542 222 584 uuam
242 523 396 585 insularum
418 523 593 586 Glaesariam
612 525 784 606 appellatam
808 525 978 590 Germanico
1002 527 1129 590 Caesare

138 627 187 669 res
199 609 238 668 ibi
251 616 375 686 gerente
391 608 533 669 classibus
546 606 749 670 Austeraviam
762 629 778 670 a
796 611 926 672 barbaris
939 613 1050 673 dictam.
1082 631 1130 673 na·

136 693 227 751 scitur
246 696 341 749 autem
367 687 513 750 delluente
534 687 657 750 medulla
677 690 755 767 pinei
783 690 903 768 generis
927 688 1081 750 arboribus
1103 697 1158 751 uta

134 774 252 834 cummis
269 773 298 833 in
313 773 441 850 cerasis,
457 775 554 834 resina
570 774 598 832 in
613 773 698 850 pinis.
733 775 857 852 erumpit
871 775 979 834 umoris
991 772 1134 833 abundan-

137 861 174 918 tia
183 902 192 935 ,
210 857 348 918 densatur
363 859 464 935 rigore
479 857 527 918 vcl
543 865 676 935 tempore
687 866 736 917 aut
753 859 822 917 mari
831 901 840 935 ‚
857 876 919 918 cum
934 859 999 936 ipse
1012 859 1133 918 intume-

137 961 222 1003 scens
244 950 342 1003 acstus
367 944 461 1020 rapuit
480 959 518 1003 ex
536 943 654 1019 insulis,
676 951 757 1002 certe
775 943 803 1002 in
818 942 904 1002 litora
920 941 1079 1021 expellitur
1093 943 1133 1002 ita

92 1026 268 1094 43volubile
286 1033 315 1086 ut
333 1026 463 1106 pendere
478 1026 611 1088 videatur
632 1029 661 1087 in
684 1027 770 1088 vado.
809 1026 921 1087 arboris
944 1044 1042 1087 sucum
1064 1044 1133 1086 esse

136 1114 221 1172 etiam
250 1113 339 1190 prisci
362 1113 456 1172 nostri
481 1111 651 1189 credidere,
682 1111 720 1172 ob
740 1111 769 1172 id
791 1112 919 1172 sucinum
939 1110 1131 1191 appellantes.
1143 1127 1169 1169 ro

135 1197 221 1276 pinei·
244 1205 338 1256 autern
371 1197 489 1274 generis
521 1196 635 1257 arboris
669 1214 736 1257 esse
768 1195 874 1256 indicio
903 1204 949 1256 est
973 1197 1076 1275 pineus
1103 1197 1132 1254 iu

134 1283 233 1342 attritu
250 1280 323 1341 odor
338 1289 368 1341 et
382 1279 460 1359 quod
474 1297 627 1341 accensum
642 1280 744 1341 taedae
755 1281 840 1342 modo
856 1298 889 1340 ao
904 1280 1006 1341 nidore
1018 1279 1132 1357 flagrat.

135 1365 264 1426 adfertur
279 1382 295 1425 a
313 1363 462 1426 Germanis
478 1366 508 1425 in
526 1364 700 1425 Pannoniam
715 1383 864 1442 maxume,
891 1373 921 1425 et
937 1363 1008 1425 inde
1023 1362 1132 1425 Veneti

134 1452 271 1529 primurn,
294 1467 367 1528 quos
385 1446 498 1510 Enetos
514 1447 618 1510 Graeci
639 1457 832 1526 vocaverunt,
854 1449 955 1509 laruam
970 1451 1014 1509 rei
1031 1449 1132 1508 iecere

136 1537 327 1613 proxumique
341 1532 506 1594 Pannoniae
532 1541 562 1594 et
584 1542 707 1611 agentes
731 1535 807 1594 circa
829 1551 907 1594 mare
928 1532 1167 1598 Hadriaticum.15

92 1619 214 1682 lll’ado
242 1636 314 1679 vero
343 1613 456 1678 adnexa
483 1616 580 1678 iabula
612 1627 658 1678 est
687 1618 824 1679 evidente
849 1636 952 1696 causa,
985 1617 1132 1696 hodieque

134 1702 402 1782 Transpadanorum
431 1701 597 1780 agrestibus
621 1702 735 1762 feminis
760 1702 906 1763 monilium
939 1704 1002 1763 vice
1033 1703 1132 1763 sucina

133 1788 475 1864 gestantibus,'maxume
490 1785 607 1848 decoris
622 1788 726 1864 gratia,
739 1785 791 1846 sed
808 1795 837 1847 et
852 1787 1022 1864 medicinae,
1039 1787 1132 1847 credi·

133 1881 178 1932 tur
197 1873 306 1952 quippe
322 1871 448 1931 tonsillis
465 1871 607 1931 resistere
624 1879 654 1930 et
672 1871 794 1930 faucium
810 1873 904 1948 vitiis,
921 1873 1001 1932 vario
1017 1890 1131 1949 genere

90 1966 123 2020 45
136 1974 271 2035 aquarum
294 1957 373 2017 iuxta
388 1955 473 2036 Alpis
489 1956 645 2016 infestante
661 1964 776 2034 guttura
798 1954 949 2016 hominum.
981 1958 1130 2017 sexcentis
1141 1973 1166 2016 ao

132 2039 161 2099 hl
176 2058 252 2119 pass.
276 2041 341 2102 iere
364 2038 543 2100 aCarnunto
559 2039 723 2101 Pannoniae
747 2039 852 2100 abesse
872 2039 940 2100 litus
964 2040 991 2100 id
1015 2039 1131 2101 Germa·

132 2126 198 2186 niae
219 2144 257 2186 ex
278 2141 335 2205 quo
356 2123 502 2186 invehitur
524 2125 726 2202 percognitum
748 2141 851 2203 nuper.
887 2126 1017 2204 vivitque
1038 2144 1130 2203 eques

132 2208 277 2270 Romanus
299 2209 333 2270 ad
350 2210 379 2270 id
401 2207 611 2288 conparandum
630 2210 734 2268 missus
753 2208 789 2268 ab
807 2207 917 2270 luliauo
936 2218 1054 2270 curante
1070 2209 1132 2288 gla-

131 2293 271 2355 diatorum
303 2312 403 2354 munus
430 2293 557 2354 Neronis
585 2295 741 2373 principis,
767 2294 815 2372 qui
845 2301 875 2354 et
903 2296 1067 2354 conmercia
1094 2313 1130 2356 ea

132 2388 162 2440 ct
178 2379 264 2440 litora
283 2381 465 2458 peragravit,
489 2386 566 2439 tanta
584 2380 669 2457 copia
690 2379 803 2438 invecta
820 2386 850 2438 ut
865 2379 938 2438 retia
956 2378 1128 2439 coercendis
1139 2401 1165 2441 as

131 2464 202 2524 ieris
222 2464 339 2543 podium
357 2465 544 2542 protegentia
565 2464 671 2522 sucinis
693 2461 886 2539 nodarentur‚
909 2481 986 2523 arma
1005 2479 1075 2524 vero
1098 2469 1130 2522 et

130 2547 242 2608 libitina
265 2556 402 2626 totusque
418 2549 499 2608 unius
521 2547 577 2608 diei
600 2546 753 2626 adparatus
772 2547 811 2626 [in
830 2548 990 2608 variatione
1004 2564 1127 2627 pompae

88 2643 122 2698 46
135 2632 313 2710 singulorum
342 2631 464 2710 dierum]
489 2639 569 2691 esset
589 2651 606 2692 e
629 2632 740 2692 sucino.
783 2649 940 2691 maxumum
963 2631 1073 2712 pondus
1101 2633 1127 2692 is

130 2716 254 2795 glaebae
272 2715 368 2777 attulit
384 2713 452 2775 Xlll
469 2714 614 2775 librarum.
650 2715 728 2774 nasci
750 2723 780 2776 et
796 2716 825 2774 in
841 2713 920 2776 India
941 2724 1051 2777 certum
1069 2726 1127 2778 est.
1229 2730 1243 2735 ·

131 2800 291 2862 Archelaus
319 2802 367 2882 qui
397 2800 529 2878 regnavit
550 2801 579 2858 in
601 2796 783 2878 Cappadocia
804 2798 883 2860 illinc
907 2801 994 2878 pineo
1016 2803 1127 2862 cortice
1138 2825 1164 2866 ao

130 2885 301 2946 inhaerente
322 2885 407 2946 tradit
427 2882 529 2945 advehi
551 2882 623 2944 rude
646 2883 792 2963 polirique
817 2883 901 2962 adipe
918 2885 977 2944 suis
994 2884 1129 2946 lactentis

129 2971 281 3029 incoctum.
308 2968 445 3047 liquidum
459 2968 488 3029 id
503 2969 596 3047 primo
612 2966 764 3029 destillare
775 2977 946 3046 argumento
959 2978 1025 3029 sunt
1042 2987 1129 3048 quae·

128 3053 193 3113 dam
212 3057 289 3114 intus
310 3052 498 3130 tralucentia,
528 3061 558 3112 ut
582 3053 720 3114 formicae
742 3052 910 3130 culicesque
931 3061 961 3114 ct
988 3053 1128 3133 lacertae,
1194 3113 1196 3117 .

131 3154 203 3215 quae
222 3136 389 3214 adhaesisse
407 3146 521 3198 musteo
543 3155 601 3197 non
623 3145 670 3199 est
692 3137 807 3197 dubium
828 3137 881 3217 [etl
903 3137 1013 3199 inclusa
1027 3138 1128 3200 dures·

130 3230 217 3282 cente
235 3223 350 3300 {eodem
366 3223 563 3301 remansissel.
1136 3249 1163 3292 35

87 3315 120 3371 tt
194 3307 279 3386 (tt.)
296 3306 408 3367 Genera
421 3308 484 3367 eius
498 3305 579 3385 plura
591 3307 677 3386 [sunt.
690 3325 729 3368 ex
740 3308 787 3388 iis]
803 3306 921 3369 candida
934 3307 1032 3368 odoris
1042 3326 1127 3387 prae·

131 3391 306 3452 stantissimi.
325 3413 328 3420 ·
348 3389 400 3451 sed
421 3410 475 3452 nec
496 3390 541 3451 bis
561 3410 616 3454 nec
636 3393 742 3454 cerinis
767 3393 898 3472 pretium.
934 3392 1020 3454 fulvis
1036 3394 1128 3453 maior

131 3477 300 3538 auctoritas.
338 3494 375 3534 ex
389 3476 424 3534 iis
442 3475 594 3556 etiamnum
610 3477 733 3557 amplior
754 3475 978 3555 tralucentibus,
997 3486 1128 3558 praeter·
