2510 3898
341 241 423 288 ιιι.
444 240 536 290 mur.
559 241 682 291 xxxva.
705 241 731 295 5.
756 229 800 310 (4.)
1015 229 1072 293 109

58 396 165 474 ditur,
186 398 270 459 lacta.
289 416 359 459 nec
376 398 470 460 minor
488 417 527 460 ex
549 415 728 478 quacumque
751 407 834 478 parte
849 396 999 461 admiratio
1017 409 1070 460 est.

59 482 168 542 ierunt
182 500 282 543 amore
299 481 441 561 quendam
457 492 589 563 captum,
604 501 668 543 curn
683 483 851 545 delituisset
867 493 974 562 noctu,
989 486 1075 545 simu-

60 566 149 627 lacro
172 566 361 645 cohaesisse,
384 569 506 647 eiusque
522 567 687 647 cupiditatis
704 587 773 630 esse
788 568 912 630 indicem
927 569 1072 630 maculam

60 641 171 711 Su'nt'
163 670 193 710 m
211 649 303 712 Cnido
329 661 359 714 et
379 651 435 712 alia
455 653 539 731 sigua
559 669 719 714 marmorea
739 653 900 714 inlustrium
921 653 1070 754 artificum,
1083 664 1117 716 22

43 733 160 797 sLiher
175 744 262 814 pater
276 736 428 814 Bryaxidis
445 746 476 798 et
490 736 566 798 altcr
564 737 693 838 'Scopae
710 746 741 799 et
751 736 894 817 hlincrva,
910 757 966 800 nec
982 739 1073 799 maius

62 820 144 881 aliud
157 819 286 883 Veneris
298 820 475 884 Praxiteliae
490 824 639 902 spccimen
651 841 735 902 quam
747 822 845 902 quod
837 831 914 884 mter
926 822 999 885 haec
1010 822 1075 883 sola

62 915 254 967 memoratur.
299 904 437 968 Eiusdem
466 914 513 968 cst
537 916 567 968 et
594 904 707 986 Cupido
730 907 865 968 obiectus
888 926 904 968 a
927 906 1072 970 Cicerone

62 988 176 1066 Verri,
206 989 257 1052 ille
286 999 411 1071 propter
437 1009 522 1071 quem
549 990 696 1072 Thespiae
724 991 910 1070 visebantur,
944 1011 1018 1054 nuno
1044 994 1073 1052 in

63 1072 210 1136 Octaviae
232 1074 341 1136 scholis
364 1077 487 1156 positus.
525 1075 658 1138 eiusdem
682 1085 713 1138 ct
734 1076 810 1138 alter
833 1077 950 1137 nudus
941 1097 971 1138 m
986 1077 1072 1138 Pario
1133 1129 1136 1136 .

35 1155 187 1221 ascalonia
203 1159 401 1261 Propontidis,
416 1179 470 1240 par
481 1159 592 1222 Veneri
608 1159 728 1223 Cnidiae
743 1160 897 1223 nobilitate
913 1164 966 1224 et
958 1165 1073 1240 iniuria,

65 1243 214 1305 adamavit
234 1246 310 1306 enim
326 1243 449 1306 Alcetas
465 1244 597 1307 Rhodius
615 1255 702 1325 atque
723 1247 754 1307 in
779 1264 816 1307 eo
840 1265 958 1326 quoquc
979 1246 1073 1308 simile

65 1330 176 1390 amoris
207 1331 363 1409 vestigium
388 1329 516 1409 reliquit.
559 1329 671 1392 Romae
691 1330 848 1393 Praxitelis
884 1348 975 1411 opera
1004 1339 1117 1398 suntne

66 1413 175 1491 Flora,
192 1411 408 1494 Triptolemus,
425 1412 518 1476 Ceres
534 1416 564 1476 in
579 1414 674 1476 hortis
689 1414 878 1493 Servilianis,
893 1415 966 1477 Boni
985 1435 1074 1477 eveu-

67 1507 112 1560 tus
131 1507 163 1560 et
176 1499 276 1560 Bonae
291 1500 426 1561 fortunae
441 1499 593 1561 simulacra
608 1503 638 1561 in
654 1498 818 1580 Capitolio,
834 1501 903 1561 item
916 1499 1073 1563 Maenades

39 1593 98 1646 oet
114 1601 189 1664 quas
207 1583 350 1662 Thyiadas
365 1593 472 1645 vocant
490 1593 520 1645 et
537 1582 725 1664 Caryatidas,
740 1595 772 1647 et
786 1585 878 1646 Sileni
896 1586 925 1646 in
941 1584 1072 1647 Polionis

67 1669 154 1731 Asini
178 1671 383 1748 monimentis,
406 1677 437 1730 et
455 1667 566 1750 Apollo
586 1678 618 1731 et
638 1668 800 1751 Neptunus.
846 1670 890 1750 [6]
913 1669 1069 1731 Praxitelis
1082 1680 1116 1735 ιι

67 1754 146 1815 lilius
166 1751 385 1834 Cephisodotus
410 1763 440 1816 et
461 1755 532 1816 artis
552 1754 642 1816 heres
664 1756 726 1816 luit.
762 1757 845 1816 cuius
866 1754 1011 1818 laudatum
1027 1763 1074 1816 cst

67 1838 204 1918 Pergami
225 1839 405 1919 symplegma
422 1839 523 1902 nohilc
540 1839 640 1919 digitis
656 1841 775 1920 corpori
790 1839 890 1902 verius
906 1858 990 1921 quam
1000 1858 1073 1901 mar·

67 1927 142 1986 mori
157 1925 311 2004 inpressis.
348 1923 459 1986 Romae
476 1927 539 1986 eius
556 1943 648 2006 opera
666 1933 732 1986 sunt
746 1923 857 1986 Latona
870 1927 900 1987 in
913 1924 1005 1987 Palati
1024 1926 1073 1988 de·

40 2010 168 2088 aoluhro,
186 2007 289 2070 Venus
305 2011 335 2070 in
346 2008 478 2071 Poliouis
495 2009 580 2071 Asini
596 2011 781 2072 monimentis
798 2020 829 2071 et
841 2011 917 2072 intra
932 2009 1073 2072 Octaviae

69 2096 203 2175 porticus
218 2096 248 2155 in
266 2093 386 2155 lunonis
402 2095 476 2157 aede
490 2094 684 2174 Aesculapius
696 2114 730 2156 ac
743 2095 843 2157 Diana.
889 2096 932 2176 {71
955 2095 1071 2176 Scopae
1081 2104 1115 2159 ιι

70 2179 131 2240 lans
158 2197 224 2240 cum
245 2178 290 2240 his
311 2187 414 2241 certat.
451 2183 476 2241 is
499 2180 571 2242 lecit
587 2179 736 2241 Venerem
760 2190 790 2241 et
804 2180 937 2258 Pothon,
958 2182 1007 2260 qui
1023 2180 1075 2240 Sa·

70 2264 222 2326 mothracc
244 2265 433 2326 sanctissimis
450 2267 634 2326 caerimoniis
650 2265 801 2343 coluntur,
820 2267 890 2325 item
905 2264 1074 2343 Apollinem

71 2348 247 2427 Palatinum,
272 2347 395 2412 Vestam
417 2349 568 2412 sedentem
588 2349 729 2412 laudatam
746 2351 776 2409 in
792 2349 964 2410 Servilianis
979 2349 1073 2409 hortis

6 2513 7 2516 Ἴ
43 2434 206 2536 nduosquc
226 2433 383 2514 lampteras
407 2437 486 2496 circa
507 2453 587 2513 cam,
612 2452 734 2514 quorum
754 2451 841 2513 pares
860 2435 890 2493 in
912 2433 995 2493 Asini
1014 2450 1075 2492 mo·

6 2533 7 2574 ;
73 2521 208 2582 nimentis
233 2528 313 2596 sunt,
335 2519 384 2581 uhi
407 2528 438 2581 et
459 2519 643 2600 canephoros
660 2519 799 2580 eiusdem.
826 2516 907 2579 sed
898 2537 927 2578 ιι
941 2527 1116 2584 maxumaao

6 2653 7 2660 ,
72 2596 242 2685 dignatione
265 2604 389 2666 delubro
412 2602 466 2667 Cn.
488 2604 624 2666 Domiti
615 2623 646 2665 m
665 2602 746 2666 circo
764 2603 904 2666 Flaminio
920 2600 1073 2683 Neptunus

6 2727 7 2764 3
74 2691 137 2771 ipso
160 2699 192 2751 ct
207 2688 309 2750 Thetis
332 2698 420 2770 atque
438 2689 587 2768 Achilles,
612 2687 757 2751 Nereides
773 2707 860 2769 supra
874 2686 1029 2768 delphinos
1043 2698 1074 2750 ct

6 2799 9 2866 1
74 2785 137 2837 cete
159 2783 210 2837 aut
230 2774 441 2855 hippocampos
470 2774 626 2852 sedentes,
653 2776 723 2835 item
744 2773 881 2835 Tritones
907 2773 1073 2853 chorusque

46 2859 178 2924 aol’hcrci
201 2868 233 2921 et
253 2861 391 2939 pistrinos
415 2877 449 2920 ac
468 2859 557 2920 multa
582 2859 638 2920 alia
666 2859 791 2936 marina,
822 2858 917 2919 omnia
943 2858 1073 2920 eiusdem

74 2964 154 3008 manu
162 2945 183 3024 ,'
191 2942 375 3024 praeclarum
391 2962 483 3025 opus,
499 2945 585 3006 etiam
604 2946 628 3006 si
649 2945 739 3006 totius
755 2945 833 3005 vitae
848 2945 963 3005 luisset
998 2962 1074 3004 nunc

76 3049 145 3093 vero
161 3038 285 3111 praeter
301 3047 390 3109 supra
412 3028 489 3090 dicta
511 3046 644 3109 quaeque
665 3031 810 3091 nescimus
825 3027 904 3089 llara
920 3030 1074 3090 etiamnum

76 3125 119 3177 est
130 3115 238 3178 sedens
251 3114 435 3176 colossiaeus
448 3114 578 3176 eiusdem
593 3133 677 3176 manu
688 3116 718 3175 in
730 3114 839 3194 templo
850 3114 932 3175 Bruti
945 3111 1073 3175 Callaeci

75 3201 146 3282 apud
167 3201 276 3263 circum
294 3198 432 3279 eundem,
454 3207 610 3281 praetcrea
624 3198 749 3260 Venus
740 3217 771 3259 ιιι
788 3200 893 3261 eodem
912 3199 981 3260 loco
1000 3199 1074 3260 nuda

47 3285 259 3349 asl'raxiteliam
270 3285 349 3347 illam
363 3284 540 3347 antecedens
556 3293 586 3346 ct
598 3302 805 3364 quemcumque
817 3284 903 3346 alium
912 3284 1008 3365 locum
1023 3303 1073 3345 no·

75 3370 230 3433 hilitatura.
253 3371 297 3454 [8]
311 3370 422 3433 Romae
436 3370 552 3450 quidem
566 3369 718 3430 multitudo
733 3387 865 3450 operum,
882 3371 969 3431 etiam
984 3369 1070 3431 ohlit·
1081 3378 1115 3435 at

76 3459 180 3519 teratio
202 3475 237 3519 ac
255 3457 348 3536 magis
371 3457 533 3518 ciliciorum
553 3457 796 3534 negotiorumque
818 3456 916 3516 acervi
941 3456 1034 3516 omnis
1057 3475 1074 3516 a

8 3605 9 3628 2
78 3543 322 3626 contemplatione
348 3551 443 3606 umen
466 3541 625 3620 ahducunt,
655 3541 788 3621 quoniam
811 3541 972 3600 otiosorum
993 3547 1023 3600 et
1044 3540 1073 3598 in
