2510 3898
298 227 378 276 nnn.
398 227 487 276 msn.
505 217 887 296 111111.1ο.11.(37«41.)
1055 221 1095 286 89

82 400 144 444 non
167 384 245 444 enim
267 385 397 464 parietes
418 384 595 445 excolebant
616 384 739 446 dominis
763 395 887 464 tantum,
917 405 971 448 nec
992 389 1094 449 domos

84 485 142 528 uno
167 467 195 528 in
223 467 291 529 loco
313 485 462 531 mansuras
487 485 562 548 quae
585 488 623 531 ex
641 469 782 531 incendiis
804 473 866 550 rapi
887 489 944 532 nco
960 483 1092 551 possent.

85 571 153 615 casa
176 551 363 632 Protogenes
387 563 542 614 contentus
567 563 629 616 erat
659 556 688 614 in
713 554 830 616 hortulo
856 572 929 633 suo,
962 558 1038 618 nulla
1064 560 1094 619 iu

86 637 204 718 Apellis
221 639 357 699 tectoriis
372 640 484 718 pictura
500 646 573 702 erat.
603 638 727 700 nondum
743 639 854 700 libebat
869 643 998 720 parietes
1014 650 1094 703 totos

65 725 241 802 stinguere,
271 724 395 784 omnium
418 741 520 784 eorum
543 741 591 784 ars
614 724 734 785 urbibus
757 725 919 786 excubabat
938 727 1093 806 pictorque

86 827 134 869 res
151 809 311 868 communis
329 817 470 869 terrarum
486 818 557 869 erat.
588 807 654 870 Fuit
676 817 706 870 et
724 808 854 870 Arellius
870 809 981 872 Romae
997 811 1139 877 cele-119

85 893 140 954 ber
163 893 250 971 paulo
274 902 341 954 ante
364 892 461 954 divom
481 892 660 972 Augustum,
685 895 712 954 ni
732 893 845 972 flagitio
867 897 972 974 insigni
994 913 1093 958 corru-

86 980 181 1057 pisset
195 986 305 1057 artem,
328 997 446 1058 semper
461 981 488 1039 11
505 977 674 1040 1111111111
690 981 771 1040 11111
789 981 915 1041 feminae
931 999 1029 1043 amore
1045 981 1093 1042 ila·

86 1072 188 1140 graret
209 1072 241 1124 et
262 1064 300 1124 ob
321 1063 349 1123 id
366 1063 436 1124 deas
453 1065 595 1143 pingens,
613 1064 665 1124 sed
682 1063 850 1126 dilectarum
867 1066 1004 1144 imagine.
1041 1067 1094 1126 ita·

58 1149 194 1226 usquein
217 1149 330 1228 pictura
353 1149 417 1209 eins
437 1157 534 1208 scorta
561 1149 793 1212 numerabantur.
836 1151 902 1211 Fuit
923 1161 954 1212 et
980 1170 1074 1231 nuper
1087 1161 1141 1216 litt

88 1234 186 1310 gravis
219 1251 253 1293 ac
283 1251 405 1294 severus
437 1233 570 1312 idemque
595 1233 796 1296 floridissimas
823 1238 920 1316 pictor
944 1237 1092 1298 Fabullus

87 1317 168 1378 huius
183 1327 247 1378 erat
264 1316 395 1379 Minerva
407 1326 588 1396 spectantem
603 1327 740 1398 spectans
752 1337 930 1398 quacumque
947 1322 1094 1399 aspicere·

88 1411 139 1463 tnr.
157 1405 258 1482 paucis
272 1403 329 1463 diei
343 1402 424 1462 horis
438 1402 589 1482 pingebat,
603 1403 630 1463 id
639 1421 755 1482 quoque
769 1422 831 1464 cum
847 1405 1003 1481 gravitate,
1016 1405 1094 1484 quod

8 1521 10 1564 3
88 1505 204 1568 semper
227 1496 362 1566 togatus,
387 1505 556 1567 quamquam
577 1489 606 1548 in
626 1485 773 1548 machinis.
814 1506 915 1548 carcer
937 1491 1000 1549 eius
1023 1491 1092 1549 artis

58 1573 187 1634 rodomus
209 1590 300 1634 aurea
321 1574 392 1649 luit,
408 1581 438 1632 et
460 1571 527 1633 idco
548 1589 607 1632 nou
621 1580 738 1633 exstant
755 1573 888 1653 exempla
903 1572 959 1634 alia
975 1591 1093 1652 maguu-

88 1676 166 1738 perc.
204 1657 277 1719 Post
297 1675 362 1718 cum
378 1657 464 1718 luere
484 1658 514 1716 in
529 1659 704 1718 auctoritate
719 1654 874 1718 Cornelius
891 1657 978 1718 Pinus
995 1668 1025 1718 et
1042 1658 1093 1718 At·

88 1745 142 1802 tins
158 1741 295 1820 Priscus,
311 1744 358 1821 qui
374 1739 501 1802 Honoris
518 1750 549 1803 et
562 1742 688 1802 Virtutis
703 1742 784 1803 aedis
799 1744 968 1822 imperatori
985 1744 1093 1822 Vespa·

88 1829 166 1888 siano
176 1826 314 1905 Augusto
328 1829 493 1888 restituenti
507 1828 673 1906 pinxerunt,
689 1825 805 1889 Priscus
818 1829 944 1906 antiquis
960 1828 1091 1888 similior.

151 1916 201 1974 tt.
220 1912 303 1992 (38.)
325 1911 392 1972 Non
410 1921 457 1973 est
470 1912 628 1972 omittenda
644 1913 673 1971 in
684 1913 814 1990 picturae
830 1913 978 1974 mentione
994 1913 1072 1973 cele·
1086 1923 1134 1978 ttt

59 2011 80 2052 no
88 1999 145 2058 bris
163 1999 243 2059 circa
260 1995 400 2077 Lepidum
422 1996 534 2072 fabula,
556 1996 699 2075 siqnidem
720 1999 748 2056 in
766 1998 946 2057 triumviratu
969 1997 1093 2076 quodam

87 2083 153 2144 loco
171 2082 314 2144 deductus
336 2099 352 2142 a
375 2081 590 2161 magistratibus
613 2083 641 2140 in
663 2099 849 2142 nemorosum
865 2082 1023 2161 hospitium
1042 2083 1092 2142 mi·

87 2169 198 2229 naciter
217 2185 284 2240 eum
306 2167 342 2227 iis
360 2176 483 2246 postero
498 2165 546 2226 die
562 2165 762 2245 expostulavit
780 2184 910 2228 somnum
929 2167 1093 2246 ademptum

87 2254 140 2314 sibi
157 2253 309 2314 volucrum
323 2260 484 2329 concentu,
501 2259 530 2311 at
547 2250 590 2310 illi
606 2251 762 2313 draconem
776 2252 806 2311 in
821 2251 989 2330 longissima
1006 2269 1093 2313 mem·

8 2301 10 2382 d
87 2339 172 2400 brana
196 2337 344 2416 depictum
366 2335 585 2397 circumdedere
606 2335 673 2396 luco
691 2354 788 2415 eoque
805 2345 922 2397 terrore
940 2339 1001 2397 avis
1026 2345 1093 2397 tuuc

58 2424 205 2484 resiluisse
223 2431 355 2482 narratur
372 2430 402 2482 et
422 2429 527 2500 postea
543 2421 696 2501 cognitam
711 2429 757 2481 cst
771 2420 818 2482 itu
834 2437 924 2500 posse
942 2421 1090 2499 conpesci.

147 2505 231 2593 (39.)
249 2504 334 2568 Geris
350 2509 473 2586 pingere
488 2523 522 2567 ac
536 2507 677 2586 picturam
690 2507 808 2566 inurere
823 2506 887 2584 quis
897 2507 1006 2584 primus
1023 2521 1072 2564 ex·
1088 2513 1138 2566 122

8 2669 9 2672 ¹
87 2593 262 2673 cogitaverit
285 2608 344 2652 ann
361 2595 489 2654 *constat
531 2589 644 2669 quidam
664 2590 799 2652 Aristidis
821 2593 968 2650 inventum
991 2585 1092 2668 putant

88 2687 189 2758 postca
211 2685 438 2738 consummatum
458 2674 654 2752 aPraxitele,
676 2675 728 2736 scd
745 2676 894 2755 aliquanto
911 2677 1091 2736 vetustiores

8 2757 9 2840 ξ
88 2763 271 2826 encausticae
288 2763 419 2842 picturae
436 2762 598 2837 exstitere,
613 2768 644 2820 ut
659 2759 817 2838 Polygnoti
837 2769 867 2822 et
887 2759 1041 2821 Nicanoris
1062 2769 1093 2821 et

60 2847 232 2910 ttArcesilai
241 2847 399 2908 Pariorum.
431 2845 588 2925 Elasippus
601 2861 717 2924 quoque
730 2847 864 2924 Aeginae
876 2847 1006 2924 picturae
1021 2863 1091 2905 suae

88 2935 237 3013 inscripsit
258 2927 412 3010 ἐνέκαεν,
438 2932 516 3011 qnod
538 2931 673 3009 proiecto
695 2948 754 2991 non
775 2931 898 2991 iecisset
913 2931 968 2989 nisi
989 2947 1092 2990 encan·

91 3020 157 3080 stica
173 3021 304 3079 inventa.

149 3104 230 3182 (40.)
247 3101 412 3182 Pamphilus
424 3119 542 3182 quoque
555 3099 670 3180 Apellis
683 3108 860 3179 praeceptor
872 3116 928 3159 uon
940 3099 1071 3178 pinxisse
1087 3108 1138 3164 123

91 3191 178 3250 solum
201 3196 340 3249 encausta
366 3187 419 3248 sed
441 3189 527 3248 etiam
547 3186 686 3247 docuisse
708 3184 829 3246 traditur
849 3183 973 3245 Pausian
991 3184 1092 3260 Sicyo·

62 3276 161 3334 aenium
177 3275 301 3352 primum
316 3274 347 3334 in
368 3272 424 3333 hoc
441 3290 553 3350 genere
573 3270 712 3332 nobilem.
745 3268 860 3347 bryetis
877 3268 952 3329 lilius
973 3266 1020 3330 hic
1038 3269 1093 3328 luit

92 3358 276 3439 eiusdemque
291 3359 385 3438 primo
401 3357 567 3436 discipulus.
602 3357 695 3434 pinxit
712 3356 822 3434 etipse
840 3352 979 3434 penicillo
998 3354 1092 3433 parie-

91 3453 134 3505 tes
151 3442 306 3522 Thespiis,
331 3461 394 3504 curn
419 3443 613 3504 reficerentur
628 3438 771 3518 quondam
788 3457 803 3498 a
820 3438 987 3517 Polygnoto
1009 3439 1091 3517 picti,

92 3528 263 3609 multumque
286 3528 497 3607 conparatione
519 3533 674 3604 superatus
696 3523 931 3599 existimabatur,
957 3523 1092 3602 quoniam
