2468 3896
284 251 361 295 ssu.
384 249 662 299 menarsiana.
687 251 710 302 3.
733 239 868 317 (9—13.)
1037 241 1071 300 tt

81 407 162 459 strem
181 401 317 464 ordinem
337 402 445 464 iaciet‘l
473 405 625 465 honestius
647 406 700 464 uiri
715 404 905 484 paedagogiis
921 405 950 465 id
965 405 1074 484 damus,

80 482 267 564 balineasque
294 488 377 548 dives
400 507 554 567 puerorum
574 490 665 550 iorma
687 490 841 549 convertit.
879 488 937 548 lam
952 507 1024 549 vero
1041 498 1072 550 et
1082 499 1114 554 41

80 565 279 645 Harpocraten
295 580 461 651 statuasque
475 575 689 651 Aegyptiorum
703 575 845 633 numinum
861 575 889 632 in
905 573 1002 650 digitis
1016 575 1071 632 viri

79 669 187 731 quoque
206 664 331 732 portare
347 658 495 735 incipiunt.
527 659 581 716 init
604 666 634 717 et
655 658 710 717 alia
728 655 828 716 Claudi
846 659 1006 735 principatu
1022 657 1073 716 dii·

22 791 24 800 ,
63 737 193 796 sistentia
210 739 347 801 insolens
365 743 400 800 iis
419 743 522 820 quibus
538 741 717 801 admissionis
734 741 845 801 liberae
863 742 906 799 ius
925 741 1072 802 dedissent

76 820 223 897 imaginem
241 826 383 902 principis
406 843 444 885 ex
467 843 537 886 auro
555 827 583 884 in
600 825 686 885 anulo
701 827 842 903 gerendi,
864 842 965 902 magna
979 827 1072 884 crimi-

76 921 131 962 num
147 909 330 985 occasione,
347 927 420 987 quae
437 911 530 970 omnia
546 910 679 969 salutaris
700 917 820 970 exortus
836 909 1008 987 Vespasiani
1023 910 1073 968 im-

22 1001 24 1054 1
76 992 215 1064 peratoris
229 991 364 1052 abolevit
375 993 536 1070 aequaliter
547 993 719 1072 publicando
732 995 899 1072 principem.
922 992 967 1054 De
979 992 1070 1054 anulis

22 1079 24 1108 2
76 1075 161 1132 aureis
178 1094 298 1154 usuque
316 1095 415 1136 eorum
432 1077 569 1138 hactonus
586 1080 624 1137 sit
635 1078 749 1138 dietum.

54 1169 69 1210 tt
128 1158 213 1236 (13.)
239 1159 413 1220 Proxumum
431 1161 526 1222 scelus
541 1163 594 1221 iuit
609 1163 671 1221 eius
687 1161 737 1240 qui
755 1162 862 1239 primus
877 1179 915 1220 ex
932 1179 1002 1221 auro
1019 1160 1068 1220 de·
1080 1169 1114 1222 tt

22 1309 23 1312 Ἴ
75 1243 174 1300 uarium
191 1244 325 1320 signavit
334 1289 343 1322 ,
359 1245 436 1323 quod
452 1255 482 1305 et
497 1248 589 1324 ipsum
603 1245 674 1306 latet
688 1254 808 1306 auctore
824 1247 946 1305 incerto.
975 1244 1070 1322 Popp-

22 1319 23 1326 ’
75 1322 110 1381 lus
127 1323 282 1386 Romanus
306 1347 342 1389 ne
367 1337 489 1406 argento
511 1329 625 1407 quidem
644 1332 759 1408 signato
782 1337 848 1388 ante
865 1327 1004 1406 Pyrrhum
1025 1345 1070 1387 re·

22 1469 23 1474 ,
75 1425 131 1483 gem
154 1409 304 1470 devictum
317 1431 387 1472 usus
404 1422 456 1473 est.
495 1414 605 1474 libralis
625 1449 668 1460 -—
690 1414 765 1474 unde
782 1415 955 1473 etiamnunc
971 1410 1069 1472 libella

22 1501 23 1504 ’
75 1490 170 1553 dieitur
195 1503 228 1555 et
250 1495 412 1575 dupondius
436 1533 480 1544 —
511 1499 729 1576 adpendebatur
750 1498 832 1558 assis.
876 1514 968 1574 quare
992 1497 1068 1556 aeris

22 1619 23 1624 η
52 1577 162 1651 agranis
179 1597 282 1657 poena
299 1579 373 1640 dicta
383 1625 391 1657 ‚
411 1590 440 1641 et
454 1580 544 1642 adhuc
559 1599 688 1661 expensa
703 1584 732 1640 in
748 1579 908 1640 rationibus
925 1579 1068 1654 dicuutur,

75 1660 134 1718 item
152 1662 297 1740 inpendia
315 1665 538 1744 etdependere.
571 1669 638 1745 quin
655 1675 686 1726 et
700 1665 819 1725 militum
834 1663 993 1743 stipendia,
1010 1663 1065 1722 boc
1077 1672 1112 1727 43

22 1817 23 1820 Ἴ
75 1752 112 1801 est
126 1747 214 1824 stipis
234 1747 381 1826 pondera,
403 1750 638 1828 dispensatores,
659 1748 856 1828 libripendes,
877 1766 933 1826 qua
947 1764 1069 1809 consue·

76 1827 164 1889 tudine
189 1833 220 1890 in
243 1833 281 1891 iis
299 1834 492 1912 emptionibus
509 1851 581 1912 quae
603 1835 725 1912 mancipi
744 1841 809 1893 sunt
826 1833 977 1892 etiamnum
995 1831 1068 1891 libra

22 1985 23 1988 Ἴ
75 1912 278 1992 interponitur.
309 1914 428 1976 Servius
451 1937 504 1978 rex
525 1921 632 1996 primus
654 1919 780 1996 signavit
798 1935 858 1976 aes.
898 1926 983 1976 antea
1005 1915 1066 1975 rudi

54 2011 136 2056 suasos
158 1999 275 2060 Romae
296 1999 429 2062 Timaeus
450 2002 543 2062 tradit.
584 2005 724 2081 signatum
754 2010 800 2062 est
822 2009 889 2060 nota
916 2000 1067 2080 pecudum,

76 2080 185 2144 undeet
204 2085 330 2162 pecunia
346 2086 499 2164 appellata.
526 2103 672 2146 maxumus
687 2103 791 2146 census
805 2087 882 2153 ἰῇ
893 2087 999 2144 assium
1015 2085 1069 2142 init

75 2162 118 2224 illo
139 2185 217 2247 rege
241 2177 272 2229 et
292 2170 359 2229 ideo
383 2168 453 2245 baec
476 2172 565 2248 prima
589 2170 702 2231 classis.
739 2172 898 2246 Argentum
922 2170 1110 2246 signatumll

75 2264 139 2309 anno
156 2253 242 2312 urbis
258 2250 501 2316 cccclxxxv.
530 2252 564 2326 Q.
581 2253 707 2334 Ogulnio
723 2253 756 2315 G.
771 2253 863 2314 Fabio
878 2271 968 2327 coss,
984 2253 1065 2329 qnin-

22 2395 23 2398 ,
75 2348 122 2408 que
147 2337 233 2396 annis
255 2346 321 2397 ante
345 2339 466 2417 primum
491 2338 627 2400 Punicum
654 2339 770 2399 bellum.
808 2347 838 2398 et
858 2338 964 2416 placuit
979 2337 1066 2395 dena·

52 2417 138 2476 arian
153 2438 212 2499 pro
229 2421 331 2480 decem
342 2422 426 2482 libris
442 2425 519 2483 aeris
534 2416 670 2503 [valere],
685 2423 845 2501 quinarium
861 2438 915 2499 pro
928 2421 1065 2499 quinque,

76 2506 237 2564 sestertium
260 2523 315 2584 pro
340 2505 487 2585 dupondio
505 2525 538 2566 ac
553 2509 683 2566 semisse.
723 2505 827 2566 librale
843 2513 937 2564 autem
953 2503 1064 2582 pondus

22 2605 23 2646 i
76 2587 144 2646 aeris
164 2591 334 2648 inminutum
360 2598 406 2650 est
426 2590 506 2650 bello
529 2590 636 2650 Punico
658 2591 768 2670 primo,
790 2607 853 2649 cum
867 2589 998 2667 inpensis
1016 2603 1064 2646 res

77 2669 181 2744 publica
206 2691 264 2733 non
287 2674 450 2751 suiliceret,
472 2676 716 2753 constitutumque
734 2683 765 2733 ut
787 2691 869 2734 asses
886 2673 1064 2733 sextantario

77 2755 201 2828 pondere
218 2759 383 2818 terirentur.
421 2759 460 2818 ita
483 2760 607 2837 quinque
627 2768 725 2838 partes
744 2758 815 2818 lucri
831 2759 925 2819 iactae
940 2755 1064 2816 dissolu·

54 2843 184 2917 utumque
198 2859 249 2902 aes
261 2841 395 2903 alienum.
420 2851 488 2902 nota
500 2845 576 2902 aeris
588 2845 650 2903 eius
665 2843 719 2902 luit
730 2861 768 2903 ex
782 2843 872 2902 altera
884 2849 966 2920 parte
977 2839 1061 2900 lanus
1073 2850 1106 2903 45

77 2925 216 3002 geminus,
241 2943 278 2984 ex
294 2925 385 2986 altera
406 2935 531 2987 rostrum
545 2929 643 3003 navis,
665 2928 694 2986 iu
715 2929 821 2987 triente
848 2932 972 2985 verset
994 2941 1062 3003 qua·
1143 2968 1146 2974 .

78 3003 166 3068 drante
184 3017 280 3085 rates,
301 3043 341 3053 —
366 3011 508 3089 quadrans
523 3019 608 3072 antea
623 3013 770 3070 teruncius
792 3017 912 3070 vocatus
933 3025 948 3068 a
970 3007 1062 3068 tribus

78 3093 158 3152 unciis
175 3128 228 3153 -.
262 3103 368 3172 postea
382 3095 540 3155 Hannibale
556 3103 700 3172 urguente
716 3091 750 3165 Q.
768 3094 860 3155 Fabio
874 3090 1007 3153 Maxumo
1023 3092 1064 3151 di-

79 3179 180 3238 statore
203 3197 286 3238 asses
307 3179 436 3240 unciales
457 3180 545 3254 iacti,
571 3179 736 3258 placuitque
766 3178 914 3238 denarium
933 3177 1061 3237 sedecim

55 3259 182 3322 ibassibus
198 3265 371 3341 permutari,
388 3265 547 3341 quinarium
566 3265 699 3339 octonis,
721 3264 888 3323 sestertium
902 3263 1060 3340 quaternis.

79 3343 111 3402 ita
122 3363 169 3406 res
182 3346 299 3426 publica
314 3346 457 3406 dimidium
470 3347 579 3406 lucrata
596 3355 659 3426 est,
674 3350 703 3407 in
716 3346 830 3407 militari
844 3355 940 3406 tamen
954 3347 1063 3424 stipen·

80 3423 118 3486 dio
131 3448 248 3509 semper
262 3430 397 3490 denarius
414 3448 467 3510 pro
485 3432 711 3493 decemassibus
727 3431 809 3492 datus
826 3439 880 3492 est.
900 3430 994 3490 Notae
1012 3449 1057 3489 ar·
1069 3437 1105 3491 46·

79 3516 233 3586 gentiiuere
246 3514 334 3593 bigae
352 3524 438 3594 atque
455 3515 630 3594 quadrigae,
646 3515 712 3576 inde
731 3515 821 3592 bigati
839 3515 1061 3594 quadrigatique
