2524 3910
393 1033 806 1112 PRAEFATIO.

158 1244 196 1302 Ex
212 1263 267 1321 quo
282 1245 353 1305 Plini
368 1249 422 1305 mei
436 1246 564 1304 volumen
579 1245 609 1304 V.
625 1247 653 1304 in
668 1247 757 1304 lucem
773 1247 875 1304 editum
891 1253 946 1310 est,
969 1249 1112 1322 praeteriit

89 1341 327 1424 quinquennium
342 1367 394 1408 uec
409 1351 521 1414 mirum,
541 1351 564 1407 si
580 1351 642 1424 quis
657 1351 814 1425 suspicatus
828 1350 914 1407 luerit
928 1367 971 1407 me
985 1367 1111 1425 premere

2 1443 3 1447 ’
89 1453 209 1524 vestigia
230 1469 325 1510 corum
347 1453 394 1526 qui
414 1451 492 1510 libris
514 1452 571 1509 suis
592 1469 623 1510 se
643 1451 747 1509 indices
762 1451 903 1509 addituros
919 1468 980 1508 esse
994 1453 1111 1527 polliciti

91 1553 146 1610 hos
169 1570 225 1610 non
246 1554 404 1612 conficiunt.
448 1554 592 1630 ligavero
613 1571 753 1630 nunquam
768 1553 888 1611 dubitavi
904 1555 971 1629 quin
985 1554 1111 1612 standum

0 1709 1 1740 ,
92 1642 171 1714 esset
185 1657 339 1731 promisso,
362 1665 390 1714 at
409 1656 557 1714 retardavit
577 1673 621 1714 me
642 1673 703 1713 cum
723 1657 812 1731 ipsius
833 1658 873 1714 rei
890 1656 1036 1715 difficultas
1052 1665 1110 1713 tum

86 1775 193 1816 novum
212 1775 311 1817 munus
335 1768 509 1835 susceptum,
537 1759 611 1836 quod
637 1759 747 1834 aliquod
768 1766 877 1835 tempus
898 1759 931 1817 ab
953 1761 1006 1818 hoc
1028 1777 1111 1836 opere

0 1855 1 1858 ’
86 1863 276 1920 intermittere
291 1880 333 1920 me
350 1865 450 1938 coegit.

0 1953 1 1956 ¹
157 1963 243 2032 Quem
259 1964 373 2023 editioni
387 1965 544 2041 Silliginnae
560 1965 677 2023 indicem
691 1965 792 2022 addidit
813 1965 893 2022 Otto
909 1965 1111 2030 Schneider,

92 2083 125 2124 ea
147 2065 289 2140 diligentia
311 2069 427 2132 lactum,
454 2077 486 2126 ut
509 2069 537 2124 in
562 2076 636 2126 tante
656 2083 834 2126 numerorum
856 2070 934 2143 copia
954 2070 1112 2144 paucissimi

91 2169 194 2244 egeant
209 2170 413 2235 emendatione,
435 2187 468 2228 eo
484 2188 574 2228 meum
589 2170 711 2228 lahorem
726 2173 840 2228 maxime
862 2189 924 2228 esse
943 2171 1113 2229 sublevatum
1146 2161 1150 2167 ’

92 2280 175 2347 grate
191 2272 282 2330 fateor
301 2275 406 2337 animo,
428 2273 476 2330 sed
496 2291 553 2330 non
573 2273 674 2330 licebat
695 2291 756 2330 eum
777 2273 964 2330 tantummodo
980 2275 1006 2329 in
1024 2282 1113 2330 artum
1190 2255 1193 2262 ¹

0 2383 1 2412 t
92 2373 277 2442 contrahere,
299 2376 421 2433 habenda
443 2385 502 2434 eret
522 2376 592 2433 ratio
614 2391 709 2432 eoram
731 2392 801 2451 quae
823 2377 850 2432 in
865 2374 934 2432 Plini
954 2375 1043 2432 verbis
1059 2393 1112 2451 ego

0 2487 1 2496 ¹
94 2480 250 2542 immutavi,
273 2479 496 2552 prospiciendum
511 2480 545 2536 iis
561 2479 608 2554 qui
623 2477 715 2536 obiter
729 2477 832 2553 aliquid
849 2486 1025 2552 quaererent,
1041 2478 1112 2542 ideo,

93 2581 141 2639 ubi
163 2581 212 2638 uni
233 2581 294 2638 voci
315 2581 471 2657 complures
494 2581 568 2640 illius
596 2581 693 2638 indicis
719 2582 834 2656 paginae
855 2580 959 2638 dicatae
979 2588 1058 2646 sunt,
1085 2581 1113 2638 in

93 2683 189 2759 plures
210 2691 312 2759 partes·
326 2684 500 2742 distrahenda
524 2693 582 2742 erat
597 2686 674 2760 larga
688 2683 815 2747 materia,
837 2684 957 2741 addenda
973 2684 1112 2746 nonnulla,
1172 2715 1174 2720 ·

97 2802 168 2861 quae
183 2787 285 2844 invitus
301 2788 432 2846 omiserat
443 2787 634 2852 Schneiderus,
650 2795 791 2862 praeterea
804 2786 961 2844 nominihus
974 2786 1114 2844 adiectivis

0 2909 1 2968 ῃ
97 2889 161 2962 plus
179 2887 351 2952 tribuendum
368 2907 429 2948 esse
444 2890 586 2948 videbatur
602 2897 630 2947 et
644 2869 783 2948 vocabulis
797 2889 884 2946 Plinio
900 2888 1036 2964 propriis,
1058 2887 1112 2944 duo

91 2989 215 3066 denique
237 2992 425 3067 distinguendi
444 2993 563 3058 indices,
586 3000 728 3051 auctorum
744 2992 827 3055 alter,
851 2990 1047 3054 alternorum,
1069 2989 1112 3048 cui

104 3093 108 3102 '
157 3097 202 3152 rui
218 3095 300 3154 etiam
317 3112 347 3152 ea
364 3113 433 3171 quae
448 3096 480 3153 ad
497 3081 650 3171 scripturae
667 3095 876 3170 discrepantiam
892 3093 1040 3168 pertinent.

169 3197 192 3253 ln
214 3197 305 3255 animo
327 3207 387 3255 erat
407 3199 470 3256 huic
489 3198 620 3272 volumini
645 3199 770 3256 subicere
794 3196 956 3272 corrigenda
971 3204 1053 3269 atque
1069 3195 1114 3252 ed·

161 3311 184 3356 la
199 3299 232 3357 ed
248 3302 369 3376 quinque
384 3301 448 3365 alia,
466 3302 498 3358 ad
513 3300 661 3358 secundum
676 3301 854 3375 praesertim,
870 3299 897 3356 in
913 3315 968 3374 quo
983 3299 1115 3372 leguntur

163 3405 195 3459 *ri
216 3420 287 3478 quos
309 3404 432 3460 continet
447 3405 531 3461 codex
545 3405 697 3479 rescriptus
714 3403 876 3465 Moneanus,
899 3419 953 3476 quo
970 3402 1114 3474 quominus

189 3505 334 3578 diligenter
355 3513 462 3569 uterer,
489 3505 644 3588 prohibitus
666 3521 726 3563 sum
747 3505 923 3562 festinatione
945 3502 1020 3559 illius
1040 3501 1116 3557 volu·

171 3625 181 3632 ·
219 3624 302 3692 quum
318 3608 450 3667 Moneaua
471 3608 543 3667 edita
564 3614 643 3672 sunt,
664 3623 751 3682 paene
766 3604 899 3670 absoluti,
920 3604 1010 3660 sedet
1026 3601 1115 3674 spatio
