2468 3896
173 227 213 290 22
519 240 548 289 c.
565 242 661 289 rnrur
677 239 825 288 saccum

174 397 329 476 tionesque
341 398 432 457 farina
444 398 506 456 eius
518 415 553 457 ac
564 397 635 455 turis
648 396 748 455 cummi
764 395 899 456 admixto.
922 395 999 454 sistit
1012 403 1042 456 et
1055 397 1180 476 sangui·

173 500 238 542 nem
254 500 271 541 e
287 481 412 542 cerebro
428 481 638 558 profluentem,
656 480 857 540 efficacissime
874 487 904 538 et
921 487 1022 540 contra
1038 481 1179 541 recentia

173 565 296 628 volnera
320 575 350 626 et
372 573 471 625 contra
494 574 613 625 veteres
635 581 735 623 canum
749 581 863 623 morsus
879 563 1014 641 inspersa
1031 564 1125 638 farina
1143 573 1177 624 et

174 658 274 710 contra
292 650 420 710 ambusta
435 650 495 726 igni
510 667 572 710 cum
588 648 673 727 adipe
696 665 730 707 ac
746 665 845 726 spuma
861 648 975 724 argenti
992 665 1178 726 cerussaque

132 745 182 799 103
194 743 225 794 et
240 753 315 796 cera.
350 735 442 792 uritur
455 741 549 794 autem
564 733 629 793 ollis
647 730 747 792 bubuli
762 732 819 790 limi
836 730 1024 792 circmnlitum
1037 734 1066 791 in
1082 731 1203 796 oliba-s

173 821 236 896 nis,
253 819 319 879 dein
336 819 527 895 restinguitur
542 817 692 877 mulierum
709 815 783 876 lacte
803 817 964 893 teriturque
978 817 1008 875 iu
1023 818 1175 876 mortariis

173 902 296 962 admixta
317 919 390 981 aqua
410 900 517 980 pluvia.
552 919 586 962 ac
607 899 728 961 subinde
752 899 894 959 turbidum
917 899 1125 961 transfunditur
1143 903 1175 960 in

173 1005 289 1047 aereum
307 1005 357 1046 vas
379 985 559 1046 emundatum
582 987 670 1046 nitro.
707 984 775 1044 faex
800 985 862 1043 eius
882 984 1064 1062 intellegitur
1079 985 1174 1064 pluru-

172 1071 325 1131 bosissima
341 1087 415 1150 quae
432 1071 563 1131 subsedit
578 1072 607 1130 in
621 1071 759 1146 mortario
776 1068 966 1147 adiciturque.
995 1068 1062 1129 dein
1075 1087 1127 1129 vas
1141 1071 1173 1128 in

173 1155 250 1233 quod
272 1155 385 1216 turbida
406 1156 548 1216 transfusa
573 1156 629 1214 sint
651 1162 783 1231 opertum
801 1153 892 1214 linteo
913 1170 967 1231 per
987 1162 1102 1214 noctem
1123 1173 1215 1220 re·1o

173 1239 310 1316 linquitur
322 1248 352 1300 et
363 1247 485 1318 postero
499 1238 545 1298 die
565 1237 700 1317 quidquid
712 1240 820 1297 innatat
833 1236 985 1297 effunditur
997 1254 1172 1316 spongeave

131 1334 182 1388 104
193 1322 315 1385 tollitur.
348 1321 424 1402 quod
444 1323 484 1383 ibi
507 1322 638 1384 subsedit
654 1321 709 1382 llos
727 1321 908 1399 intellegitur
923 1339 956 1382 ac
971 1321 1064 1382 linteo
1078 1324 1172 1384 inter·

172 1410 269 1486 posito
285 1410 314 1468 in
332 1409 396 1468 sole
409 1409 544 1486 siccatur,
558 1425 615 1468 non
630 1415 661 1466 ιιι
676 1415 857 1485 perarescat‚
871 1407 1032 1485 iterumque
1049 1408 1078 1466 in
1093 1424 1171 1466 mor·

172 1494 246 1553 tario
272 1495 375 1553 teritur
403 1501 433 1554 et
454 1494 484 1552 in
512 1491 646 1571 pastillos
678 1491 823 1551 dividitur.
861 1499 927 1551 ante
954 1493 1048 1550 omnia
1073 1499 1171 1552 autem

173 1575 274 1636 urendi
290 1577 390 1638 modus
402 1579 587 1638 necessarius
603 1584 665 1652 est,
682 1594 718 1634 ne
733 1575 878 1653 plumbum
892 1575 951 1635 liat.
979 1575 1092 1655 qnidam
1111 1595 1170 1636 non
1182 1593 1210 1634 ιι

171 1661 238 1720 limo
261 1670 377 1721 utuntur
401 1670 577 1740 coquentes,
598 1660 651 1720 sed
671 1658 764 1738 adipe.
805 1659 853 1719 alii
869 1661 966 1719 tritum
980 1662 1008 1718 in
1029 1677 1102 1737 aqua
1119 1662 1171 1721 tri·

171 1743 239 1822 plici
261 1744 352 1806 linteo
378 1754 493 1805 saccant
514 1747 684 1823 faecemque
710 1744 837 1804 abiciunt
857 1743 943 1822 idque
959 1743 1035 1822 quod
1055 1744 1170 1805 effluxit

172 1828 387 1906 transfundunt,
411 1829 548 1908 quidquid
568 1829 698 1890 subsidat
719 1828 894 1906 colligentes
917 1828 1080 1906 emplastris
1097 1847 1169 1909 quo-

153 1921 228 1990 'que
245 1921 275 1973 et
292 1913 421 1990 collyriis
437 1916 566 1975 miscent.

129 2009 179 2062 105
254 1995 334 2076 (35)
354 1999 511 2058 Scoriam
503 2018 532 2058 m
549 2006 672 2076 argento
691 1996 794 2075 Graeci
809 2006 914 2057 vocant
930 1959 1085 2074 heloysma
1121 2000 1205 2059 visae

172 2083 235 2142 eius
253 2082 437 2161 adstringere
454 2091 484 2143 ct
506 2084 686 2161 refrigerare
701 2099 837 2181 corppra.
875 2081 988 2143 additur
1003 2083 1167 2161 emplastris

130 2161 475 2252 ³⁴q1⁷³urnolyhdaena
497 2166 533 2227 de
556 2185 611 2245 qua
629 2167 784 2227 dicemus
775 2186 805 2225 m
828 2166 963 2245 plumbo,
984 2168 1166 2228 cicatricibus

154 2213 300 2311 sqr'rranume
321 2251 495 2328 glutinandis
513 2259 542 2311 et
562 2260 663 2311 contra
681 2260 828 2311 tenesmos
846 2249 1104 2350 dysenteriasque,
1126 2253 1167 2312 in·

170 2335 233 2396 fusa
249 2336 424 2411 clysteribus
438 2353 500 2395 cum
514 2344 627 2412 myrteo
646 2335 724 2396 oleo.
754 2334 858 2395 addunt
874 2338 947 2396 etin
961 2335 1167 2397 medicamenta

172 2437 245 2498 quae
266 2428 371 2480 vocant
393 2418 499 2498 liparas
523 2420 557 2480 ad
578 2421 781 2480 excrescentia
803 2419 931 2480 ulcerum
951 2428 998 2479 aut
1015 2438 1053 2480 ex
1068 2423 1202 2480 attribuas

129 2515 180 2568 106
190 2504 265 2565 facta
284 2507 376 2564 autin
391 2505 486 2582 capite
501 2506 651 2567 manantia.
684 2503 730 2563 llit
746 2506 775 2563 in
789 2503 891 2564 iisdem
906 2503 1031 2564 metallis
1047 2512 1078 2565 et
1092 2523 1165 2584 quae

171 2596 291 2646 vocatur
307 2605 406 2666 spuma
418 2590 542 2665 argenti.
567 2607 678 2666 genera
691 2589 753 2647 eius
771 2589 840 2647 tria:
858 2597 972 2666 optuma
986 2606 1068 2666 quam
1085 2589 1165 2665 obry-

172 2672 249 2730 sitim
269 2680 392 2746 vocant,
420 2690 547 2749 sequens
570 2689 652 2750 quam
672 2673 836 2750 argyritim‚
868 2673 954 2732 tertia
974 2691 1057 2750 quam
1076 2674 1164 2751 moly·

171 2754 279 2814 bditim.
310 2763 340 2815 et
355 2755 526 2835 plerumque
542 2755 685 2816 omnesbi
704 2756 821 2817 colores
844 2757 873 2815 in
895 2756 987 2818 isdem
1003 2758 1111 2818 tubulis
1125 2761 1164 2819 in·

171 2842 334 2900 veniuntur.
373 2839 577 2918 probatissima
595 2848 641 2900 est
660 2839 776 2917 Attica,
799 2858 939 2919 proxuma
954 2840 1161 2921 Hispaniensis.
1172 2864 1200 2906 eo

172 2924 309 3000 chrysitis
335 2943 372 2985 ex
389 2943 462 2984 vena
481 2926 544 3004 ipsa
559 2925 607 3001 fit,
630 2927 766 3002 argyritis
785 2943 823 2985 ex
837 2933 978 3002 argento,
998 2925 1163 3003 molybditis

172 3009 330 3107 eplumbi
322 3011 413 3088 ipsius
427 3010 536 3088 fusura,
553 3027 626 3088 quae
639 3009 671 3068 lit
682 3009 813 3069 Puteolis
826 3018 856 3069 et
870 3009 935 3070 inde
951 3009 1038 3070 hahet
1050 3029 1161 3072 nomen

128 3102 177 3158 107
191 3094 282 3152 omnis
306 3103 400 3154 autem
421 3093 451 3152 fit
475 3103 596 3154 excocta
619 3111 668 3153 sua
691 3095 811 3154 materia
836 3112 874 3153 ex
894 3096 1048 3172 superiore
1071 3098 1161 3157 catino

171 3175 323 3236 defluens
316 3197 344 3236 m
359 3179 528 3237 inferiorem
550 3187 579 3238 et
601 3197 639 3238 ex
658 3195 695 3238 eo
717 3177 830 3237 sublata
849 3177 986 3238 vericulis
1003 3179 1109 3240 ferreis
1124 3189 1163 3241 at·

171 3279 226 3340 que
242 3262 270 3321 in
287 3263 350 3339 ipsa
371 3261 480 3320 flamma
495 3260 650 3322 convoluta
668 3261 817 3337 vericulo,
839 3269 869 3320 ut
884 3263 922 3322 sit
937 3262 1041 3323 modici
1056 3265 1197 3343 ponde-as

170 3348 220 3405 ris.
252 3352 297 3405 est
316 3353 427 3422 autem,
450 3353 480 3404 ut
496 3365 534 3405 ex
548 3347 664 3406 nomine
681 3345 815 3422 intellegi
830 3353 948 3424 potest,
970 3347 1161 3410 fervescentis

170 3438 200 3490 et
215 3431 328 3490 futurae
345 3431 481 3489 materiae
497 3447 606 3508 spuma.
634 3429 721 3488 distat
736 3447 752 3488 a
767 3431 862 3490 scoria
878 3447 935 3508 quo
953 3439 1053 3510 potest
1067 3451 1162 3512 spuma

173 3515 287 3573 alaece
303 3513 427 3589 distare,
443 3513 563 3573 alterum
578 3515 727 3592 purgantis
743 3533 775 3575 se
794 3516 949 3592 materiae,
963 3515 1085 3577 alterum
1100 3536 1162 3597 pur·
