2468 3896
134 191 174 252 56
477 198 506 249 c.
529 199 625 246 amm
647 197 798 261 sacuam

136 356 207 417 utile
227 364 281 416 est.
320 356 456 435 quotiens
476 371 549 433 opus
568 355 606 415 sit
621 353 727 414 molliri
744 353 802 412 vim
819 354 894 430 eius,
916 353 973 414 mel
988 353 1144 434 adspergi·

135 449 189 500 tur.
231 441 327 501 erodit
345 449 374 500 et
393 439 497 500 callum
511 438 670 499 fistularum
686 457 724 500 ex
745 445 830 499 aceto
848 439 1008 499 foventium
1024 447 1054 500 et
1076 438 1141 499 ccl-

118 525 217 602 'lvriis
239 525 368 602 additur,
396 525 474 585 sistit
497 532 527 584 et
554 525 723 603 sanguinem
744 522 900 602 ulceraque
921 541 995 602 quae
1018 533 1141 603 serpant

135 627 248 689 quaeve
264 619 449 689 putrescant,
472 609 595 669 absumit
610 617 641 668 et
656 609 858 668 excrescentis
874 609 977 668 carnis.
1010 608 1140 688 peculia·

133 695 207 756 riter
225 694 370 755 virilitatis
386 695 465 754 vitiis
480 692 551 753 utile
573 701 603 754 et
617 694 785 754 feminarum
802 691 975 772 prolluvium
993 695 1077 753 sistit.
1151 715 1169 755 e

92 786 143 845 123
217 778 298 858 (32.)
314 777 417 840 Graeci
434 779 638 856 cognationem
649 778 726 838 aeris
740 778 855 838 nomine
871 777 1005 839 lecerunt
1019 787 1049 838 et
1064 787 1140 838 atra·

132 872 232 924 mento
253 864 366 924 sutorio
384 897 427 908 -
444 862 591 942 appellant
605 864 681 924 enim
695 861 885 923 chalcanthon
901 899 961 940 -‚
977 881 1032 923 nec
1050 862 1138 923 ullius
1156 863 1159 866 ’

133 965 228 1026 aeque
244 949 316 1008 mira
333 957 433 1008 natura
449 955 503 1008 est.
533 946 581 1008 Fit
595 948 625 1008 in
639 946 797 1026 Hispaniae
822 949 919 1026 puteis
941 949 1090 1026 stagnisve
1108 946 1140 1007 id

132 1050 225 1110 genus
246 1050 337 1110 aquae
359 1031 541 1094 habentibus.
582 1032 755 1110 decoquitur
775 1051 810 1092 ea
831 1032 955 1092 admixta
977 1032 1052 1093 dulci
1074 1031 1139 1111 pari

39 1193 42 1198 Α
132 1135 267 1177 mensura
292 1127 322 1177 et
343 1119 372 1176 in
393 1119 519 1195 piscinas
535 1117 647 1196 ligneas
663 1116 797 1177 funditur.
837 1117 1024 1178 inmobilibus
1047 1134 1184 1196 snper1c

132 1199 183 1261 has
207 1203 341 1262 transtris
363 1201 531 1281 dependent
550 1211 646 1262 restes
668 1201 775 1280 lapillis
802 1210 941 1262 extentae
962 1202 1065 1280 quibus
1089 1201 1140 1262 ad·

131 1284 310 1346 haerescens
326 1287 409 1346 limus
426 1287 528 1348 vitreis
549 1288 639 1348 acinis
657 1287 810 1365 imaginem
824 1285 963 1365 quandam
979 1305 1052 1347 uvae
1071 1287 1138 1346 red-

132 1370 180 1430 dit.
216 1380 380 1451 exemptum
401 1373 441 1431 ita
461 1373 585 1432 siccetur
604 1371 705 1431 diebus
728 1369 820 1431 XXX.
862 1370 946 1431 color
969 1379 1015 1432 est
1034 1389 1135 1432 caeru·

131 1453 213 1531 leus,
240 1474 379 1534 perquam
397 1456 552 1536 spectabili
573 1458 686 1533 nitore,
715 1457 879 1534 vitrumque
904 1475 972 1517 esse
994 1456 1136 1532 creditur,

89 1549 141 1603 lat
152 1539 288 1601 diluendo
313 1541 344 1600 iit
364 1550 553 1602 atramentum
573 1539 738 1620 tinguendis
761 1541 859 1602 coriis.
891 1539 937 1600 Fit
955 1549 984 1602 et
1002 1540 1180 1620 pluribusne

131 1625 238 1685 modis:
256 1644 368 1703 genere
387 1635 483 1687 terrae
501 1644 537 1687 eo
555 1627 584 1686 in
600 1626 714 1687 scrobis
729 1634 849 1703 cavato,
867 1643 988 1704 quorum
1004 1644 1020 1686 e
1036 1625 1138 1686 lateri·

131 1708 184 1768 bus
207 1708 382 1769 destillantis
400 1709 524 1770 hiberno
542 1710 612 1788 gelu
634 1712 731 1771 stirias
752 1710 921 1788 stalagmian
940 1717 1061 1788 vocant,
1084 1728 1137 1770 ne·

131 1811 188 1871 que
206 1801 251 1852 est
266 1795 367 1871 purius
382 1785 467 1868 alidd.
500 1795 552 1856 sed
568 1814 606 1856 ex
621 1812 657 1856 eo
673 1794 822 1856 candidum
839 1795 971 1856 colorem
988 1795 1137 1856 sentiente

88 1888 139 1942 125
150 1877 228 1937 viola
246 1877 407 1938 lonchoton
422 1878 578 1958 appellant.
617 1881 650 1940 fit
665 1888 695 1940 et
710 1881 738 1940 in
754 1897 891 1940 saxonum
911 1881 1014 1941 catinis
1036 1879 1137 1959 pluvia

25 2040 28 2046 .
131 1980 203 2040 aqua
220 1963 371 2023 conrivato
387 1962 455 2023 limo
470 1964 606 2042 gelante,
624 1965 655 2024 iit
672 1973 702 2024 et
717 1964 787 2025 salis
804 1965 890 2025 modo
908 1965 1134 2043 flagrantissimo
1145 1982 1177 2023 aa

131 2047 196 2107 sole
224 2047 363 2108 admissas
386 2047 477 2108 dulcis
500 2068 589 2127 aquas
614 2058 750 2127 cogente.
792 2049 858 2110 ideo
887 2049 1000 2130 quidam
1025 2047 1134 2131 duplici

130 2130 296 2193 differentia
319 2133 424 2194 lossile
446 2142 494 2194 aut
517 2135 662 2194 facticium
680 2133 845 2213 appellant,
867 2135 923 2195 hoc
945 2135 1079 2214 pallidius
1103 2147 1135 2198 et

88 2225 139 2282 126
150 2226 284 2295 quantum
301 2216 403 2279 colore
420 2226 528 2278 tantum
541 2218 672 2280 bonitate
688 2218 827 2280 deterius.
857 2218 986 2280 Probent
1001 2239 1134 2282 maxume

131 2298 267 2380 Cyprium
283 2303 312 2362 in
327 2303 488 2364 medicinae
505 2323 566 2364 usu.
603 2305 723 2364 sumitur
737 2304 772 2364 ad
790 2302 926 2383 pellenda
944 2307 1056 2366 ventris
1073 2309 1133 2366 ani-

128 2385 212 2446 malia
236 2386 387 2448 drachmae
409 2387 540 2466 pondere
563 2407 626 2448 cum
643 2388 739 2449 melle.
772 2397 878 2468 purgat
900 2399 931 2450 et
953 2399 1038 2469 caput
1059 2390 1175 2451 dilu-as

130 2478 187 2529 tum
208 2489 241 2532 ac
264 2471 380 2532 naribus
401 2472 586 2550 instillatum,
610 2474 679 2534 item
695 2472 871 2534 stomachum
891 2493 954 2534 oum
974 2474 1062 2536 melle
1083 2485 1134 2536 aut

129 2572 201 2633 aqua
224 2556 315 2616 mulsa
338 2565 489 2635 sumptum.
526 2557 659 2618 medetur
682 2566 711 2619 et
737 2557 886 2618 oculorum
905 2559 1061 2621 scabritiae
1081 2561 1131 2622 do-

129 2637 224 2700 lorive
249 2648 279 2698 et
294 2639 410 2718 caligini
427 2650 456 2700 et
479 2642 539 2701 oris
554 2641 711 2704 ulceribus.
750 2643 828 2703 sistit
851 2651 881 2704 et
897 2646 1068 2724 sanguinem
1082 2663 1132 2706 na·

128 2723 218 2801 rium,
237 2723 306 2783 item
320 2723 579 2788 haemorrhoidum.
608 2727 734 2788 extrahit
753 2743 819 2788 ossa
835 2728 926 2789 inacta
941 2748 1003 2790 cum
1019 2731 1131 2791 semine

128 2805 313 2887 hyoscyami,
335 2808 487 2888 suspendit
509 2811 666 2891 epiphoras
690 2811 828 2892 penicillo
852 2813 941 2874 isonti
963 2816 1131 2894 inpositum,
1141 2836 1172 2880 so

128 2893 232 2953 efficax
248 2902 277 2954 et
294 2895 322 2954 in
339 2893 503 2973 emplastris
521 2896 556 2956 ad
574 2898 721 2976 purganda
736 2897 858 2958 volnera
875 2907 905 2959 et
927 2902 1132 2962 excrescentia

86 2985 135 3042 127
148 2976 284 3038 ulcerum.
317 2979 394 3040 tollit
410 2989 441 3040 et
455 2999 537 3060 uvas,
561 2981 609 3042 vel
626 2983 650 3042 si
665 2983 789 3043 decocto
806 2991 976 3063 tangantur,
999 3003 1063 3045 cum
1078 2983 1129 3046 lini
1162 2980 1168 2985 ’

71 3075 74 3077 ·
127 3078 243 3139 quoque
258 3065 368 3124 semine
382 3069 589 3145 superponitur
605 3066 769 3146 emplastris
782 3066 817 3128 ad
832 3067 953 3130 dolores
968 3069 1129 3148 tollendos,

127 3146 263 3224 quodque
292 3167 330 3208 ex
357 3166 393 3208 ec
415 3151 545 3212 candicat
570 3153 599 3212 in
626 3170 683 3213 uno
707 3170 761 3214 usu
790 3153 956 3231 praefertur
976 3148 1129 3232 violaceis,

127 3237 157 3290 ut
172 3233 307 3308 gravitati
330 3235 439 3294 aurium
465 3253 519 3314 per
541 3237 651 3297 listulas
672 3239 841 3317 inspiretur.
875 3239 998 3300 volnera
1018 3257 1073 3319 per
1094 3258 1166 3302 sess

125 3314 237 3375 inlitum
257 3325 356 3394 sanat,
388 3319 441 3379 sed
466 3321 571 3398 tinguit
594 3323 756 3384 cicatrices.
798 3340 893 3402 nuper
912 3325 1059 3385 inventum
1084 3339 1129 3384 ur·

125 3417 222 3460 sorum
240 3402 269 3460 in
284 3401 392 3462 harena
411 3413 440 3464 et
457 3403 574 3465 leonum
596 3424 647 3467 ora
664 3426 806 3487 spargere
827 3406 896 3486 ttto,
922 3417 1060 3488 tantaque
1082 3415 1129 3469 est

124 3485 169 3544 vis
185 3485 215 3545 in
230 3485 438 3564 adstringendo
457 3497 488 3565 ut
510 3507 568 3550 non
585 3501 693 3569 queant
707 3492 854 3554 mordere.
