2468 3896
144 235 184 296 66
493 245 523 295 c.
539 247 636 296 sunu
652 244 800 295 sncunm

144 399 250 478 lisque.
281 401 359 461 valet
375 418 512 480 purgare,
529 403 647 479 sistere,
665 400 859 478 excalfacere,
875 401 1018 478 erodere,
1035 419 1147 462 summa

145 485 208 545 eius
227 485 296 546 dote
316 487 444 564 septica,
470 486 571 565 explet
583 487 731 566 alopecias
749 504 787 546 ex
805 493 889 546 aceto
907 485 1007 563 inlita,
1027 485 1146 546 additur

145 569 295 630 oculorum
320 569 554 648 medicamentis,
577 572 667 631 laucis
690 579 794 648 purgat
818 588 880 630 cum
905 569 992 631 melle
1018 579 1144 648 sumpta.

143 671 305 733 vocemque
322 654 466 734 limpidam
482 664 512 716 et
528 673 662 716 canoram
682 655 768 731 iacit,
779 655 956 732 suspiriosis
972 663 1002 714 et
1017 656 1146 714 tussien-

143 738 220 798 tibus
233 738 356 799 iucunde
368 739 500 800 medetur
511 758 574 800 cum
586 741 682 800 resina
694 738 926 799 terebinthinam
938 739 1004 800 cibo
1018 747 1172 818 sumpta,s

143 823 239 883 suffita
256 840 372 902 quoque
390 842 452 883 cum
469 823 557 884 cedro
572 826 638 903 ipso
657 823 759 883 nidore
775 824 866 884 isdem
881 822 1021 884 medetur.

101 917 154 975 178
232 907 311 986 (56.)
328 907 365 966 Et
380 907 561 968 arrhenicum
578 927 615 968 ex
627 906 728 968 eadem
744 917 790 968 est
806 909 936 968 materia.
964 907 1041 987 quod
1058 915 1145 986 optu-

143 1009 218 1051 mum
234 991 343 1052 coloris
361 993 447 1053 etiam
462 993 491 1051 in
510 1010 580 1052 auro
604 991 798 1070 excellentis,
820 992 897 1070 quod
919 1009 990 1052 vero
1006 991 1143 1071 pallidius

143 1084 191 1135 aut
207 1075 381 1137 sandaracae
405 1077 499 1136 simile
515 1085 561 1136 cst
576 1077 706 1137 deterius
724 1077 873 1137 iudicatur.
909 1086 955 1137 est
974 1084 1004 1136 et
1024 1077 1145 1136 tertium

142 1178 234 1237 genus
257 1178 315 1239 quo
335 1163 474 1221 miscetur
498 1179 603 1222 aureus
618 1160 702 1222 color
716 1161 899 1222 sandaracae.
927 1170 1050 1239 utraque
1068 1160 1186 1221 haecne

143 1262 310 1322 squamosaav
343 1245 414 1305 illud
437 1263 510 1305 vero
537 1245 642 1306 siccum
669 1263 846 1325 purumque,
873 1246 974 1324 gracili
1002 1262 1143 1306 venarum

142 1329 275 1389 discursu
291 1330 393 1392 fissile.
425 1331 470 1389 vis
487 1330 586 1390 eadem
608 1349 682 1410 quae
700 1349 804 1410 supra,
829 1331 881 1391 sed
900 1333 1004 1390 aerior.
1040 1331 1142 1408 itaque

142 1421 172 1474 et
187 1415 323 1475 causticis
338 1415 451 1475 additur
471 1424 499 1474 et
514 1414 655 1494 psilotris.
688 1414 764 1475 tollit
786 1423 815 1474 et
831 1417 966 1494 pterygia
984 1414 1144 1490 digitorum

142 1499 295 1577 carnisque
311 1501 420 1560 narium
436 1508 466 1559 ct
484 1497 685 1576 condylomata
698 1508 727 1559 et
742 1499 881 1578 quidquid
896 1499 1051 1563 excrescit.
1081 1507 1143 1558 tor·

142 1591 234 1659 retur,
252 1592 283 1643 ut
298 1584 410 1644 valdius
426 1585 532 1663 prosit,
549 1585 580 1643 in
597 1602 672 1643 nova
689 1591 764 1644 testa
782 1583 876 1645 donec
891 1591 982 1644 mutet
997 1583 1141 1646 colorem.
1156 1607 1187 1648 as

518 1840 719 1850 .......--——.

397 2057 431 2140 ll.
457 2057 588 2140 Phllll
615 2057 816 2142 sttulttt
918 2071 920 2075 ’

255 2228 605 2326 llhllllthlll
640 2229 986 2327 hltlttttnn

454 2413 788 2479 uranaxxxv.

543 2573 693 2581 ........—.

111 2698 122 2748 l
201 2684 296 2764 (Sect.
320 2686 360 2767 1.)
393 2686 577 2751 Metellorum
592 2690 696 2769 quibus
714 2707 787 2768 opes
806 2697 942 2749 constant
960 2689 1142 2766 adgnascen-

140 2770 267 2850 tiumque
288 2772 325 2831 iis
353 2782 453 2834 natura
473 2775 597 2836 indicata
626 2774 836 2854 propemodum
859 2782 923 2850 est,
954 2775 994 2834 ita
1016 2776 1141 2835 conexis

139 2855 227 2915 rebus
243 2863 273 2915 ut
288 2857 417 2918 inmensa
432 2859 591 2920 medicinae
607 2860 680 2920 silva
696 2859 931 2937 officinarumque
949 2857 1091 2919 tenebrae
1108 2868 1140 2919 et
1152 2875 1184 2918 ao

138 2957 254 3001 morosa
285 2941 418 3003 caelandi
445 2943 630 3023 fingendique
655 2962 688 3004 ac
710 2943 858 3021 tinguendi
886 2942 1032 3022 suptilitas
1053 2943 1140 3002 simul

138 3024 314 3086 dicerentur.
360 3035 473 3088 restant
500 3036 597 3088 terrae
624 3029 716 3108 ipsius
741 3047 851 3106 genera
880 3028 1062 3108 lapidumque
1088 3027 1140 3089 vel

139 3112 342 3172 numerosiore
365 3113 463 3190 serie,
487 3112 625 3191 plurumis
652 3113 765 3191 singula
787 3132 803 3173 a
829 3111 949 3174 Graecis
978 3113 1140 3191 praecipue

138 3193 333 3275 voluminibus
346 3205 475 3258 tractata.
509 3215 562 3258 nos
579 3199 659 3259 iniis
675 3197 850 3259 brevitatem
865 3213 1022 3277 sequemur
1036 3195 1142 3258 utilem

139 3279 287 3356 instituto,
313 3280 399 3340 modo
420 3281 491 3342 nihil
512 3284 709 3344 necessarium
732 3291 781 3342 aut
806 3282 936 3342 naturale
958 3282 1139 3342 omittentes.
1151 3301 1182 3343 os

108 3361 208 3442 tcap.
233 3365 258 3423 l.
276 3363 459 3443 Primumque
477 3365 605 3426 dicemus
629 3386 703 3447 quae
726 3375 837 3426 restant
861 3364 897 3426 de
918 3368 1048 3444 pictura,
1072 3373 1139 3425 arte

130 3447 281 3528 ¹quondam
302 3448 409 3527 nobili,
434 3457 500 3510 tunc
515 3469 578 3510 cnm
596 3459 789 3531 expeteretur
810 3450 930 3528 regibus
949 3449 1140 3529 populisque,

138 3543 168 3594 et
182 3533 255 3593 alios
267 3533 441 3594 nobilitante
456 3552 529 3613 quos
543 3544 624 3596 esset
640 3536 756 3614 dignata
772 3537 901 3614 posteris
918 3535 1045 3612 tradere,
1062 3551 1142 3594 nunc
