2468 3896
147 173 191 232 40
497 183 526 230 c.
542 183 636 230 unum
652 181 802 229 suenum

151 340 234 399 minis
250 337 317 398 odio
333 336 451 398 inditum
466 347 513 398 est
529 346 651 418 propter
665 357 704 398 00
714 352 754 396 00
765 342 921 394 statuarum
933 333 1085 397 Volsinios
1099 353 1159 396 ex-

151 431 295 501 pugnatos
311 423 451 482 obiceret.
490 423 650 500 mirumque
671 419 738 480 mihi
759 417 890 495 videtur,
909 437 972 478 cum
992 427 1157 479 statuarum

153 509 238 584 origo
260 514 314 566 tam
344 514 426 566 vetus
452 505 553 567 ltaliae
575 507 629 581 sit,
651 505 750 582 lignea
769 503 867 581 potius
889 511 937 562 aut
959 503 1058 564 fictilia
1078 502 1155 562 deo·

151 609 212 650 rum
233 591 383 650 simulacra
399 591 429 648 in
447 589 577 650 delubris
600 588 693 652 dicata
715 605 807 666 usque
829 585 862 646 ad
879 585 1018 647 devictam
1037 587 1154 661 Asiam,

107 675 227 742 munde
250 674 369 734 luxuria.
418 673 625 735 Similitudines
648 670 828 753 exprimendi
850 689 923 750 quae
945 672 1035 750 prima
1056 671 1182 731 fueritis

151 761 254 837 origo,
275 761 304 818 in
328 777 362 819 ea
384 776 468 837 quam
488 758 630 838 plasticen
648 757 751 818 Graeci
775 764 878 816 vocant
894 755 950 815 dici
974 756 1156 815 convenien-

108 842 146 884 ⁸⁶=
161 841 194 918 ’ξ’
207 845 263 903 tius
280 845 353 919 erit,
375 845 483 903 etenim
501 845 583 922 prior
605 861 688 921 quam
704 840 840 901 statuaria
861 839 925 899 fuit.
959 839 1011 900 sed
1026 839 1100 900 haec
1115 838 1156 898 ad

132 891 290 987 'inlinitum
310 926 438 987 effloruit
457 927 610 986 multorum
625 926 798 987 voluminum
816 924 917 1003 operi,
945 925 968 984 si
985 925 1048 1002 quis
1067 922 1155 1003 plura

150 1013 289 1090 persequi
309 1011 396 1086 velit,
414 1013 507 1072 omnia
524 1013 599 1072 enim
616 1013 680 1090 quis
699 1005 812 1089 possit?

108 1106 143 1162 33
217 1096 298 1174 (17.)
324 1093 360 1154 ll.
386 1095 485 1154 Scauri
508 1095 656 1156 aedilitate
678 1096 826 1172 signorum
849 1112 969 1155 0000oe
989 1093 1019 1153 in
1042 1110 1200 1152 scaenam

151 1188 258 1239 tantum
279 1179 363 1239 luere
385 1181 561 1257 temporario
585 1179 708 1239 theatro.
745 1176 894 1241 Mummius
910 1178 1020 1239 Achaia
1034 1175 1155 1236 devicta

150 1263 278 1343 replevit
303 1263 404 1323 urbem
425 1280 483 1322 uon
507 1261 660 1324 relicturus
683 1262 759 1322 filiae
781 1261 887 1322 dotem.
927 1281 977 1323 cnr
1000 1261 1075 1321 enim
1090 1277 1155 1320 nou

150 1367 213 1409 cum
230 1349 418 1409 excusatione
437 1344 581 1425 ponatur?
598 1346 684 1407 multa
701 1355 730 1407 et
743 1345 854 1406 Luculli
871 1348 1022 1406 invexere.
1052 1343 1154 1404 Rhodi

151 1434 304 1494 etiamnum
319 1433 374 1491 tria
393 1431 469 1491 milia
485 1433 633 1509 signorum
657 1449 724 1490 esse
738 1429 885 1491 Mucianus
901 1439 947 1490 ter
963 1428 1063 1491 consul
1080 1446 1153 1506 pro-

150 1515 239 1593 didit,
264 1535 319 1576 nec
334 1518 470 1594 pauciora
485 1515 627 1590 Athenis,
650 1513 818 1593 Olympiae,
843 1513 965 1593 Delphis
988 1531 1196 1592 superessem

150 1601 315 1661 creduntur.
343 1601 408 1678 quis
427 1601 482 1659 ista
496 1599 657 1660 mortalium
672 1601 810 1678 persequi
827 1599 922 1677 possit
937 1607 984 1659 aut
998 1599 1062 1676 quis
1079 1616 1152 1656 usus

109 1693 142 1749 37
155 1684 294 1743 noscendi
319 1679 528 1761 intellegatur?
558 1684 681 1761 insignia
701 1701 831 1743 maxume
853 1693 883 1742 et
898 1682 992 1761 aliqua
1008 1681 1044 1741 de
1061 1698 1154 1742 causa

149 1775 248 1827 notata
263 1766 454 1843 voluptarium
470 1768 508 1825 sit
523 1768 657 1845 attigisse
671 1767 857 1844 artificesque
875 1765 1042 1827 celebratos
1059 1767 1154 1825 uomi-

149 1853 283 1928 navisse,
306 1849 486 1926 singulorum
509 1868 625 1928 quoque
646 1850 844 1930 inexplicabili
868 1849 1064 1926 multitudiue,
1084 1867 1153 1909 cum

149 1933 294 2014 lysippus
309 1931 364 1993 llll)
385 1951 475 2012 opera
493 1935 604 1995 fecisse
624 1935 780 2014 prodatur,
803 1943 899 1995 tautae
922 1936 1016 1995 omnia
1031 1935 1101 1993 artis
1119 1943 1196 2002 ntro

150 2019 310 2079 claritatem
342 2028 464 2097 possent
487 2017 555 2079 dare
579 2018 627 2079 vel
651 2019 775 2097 singula.
810 2037 957 2080 numerum
979 2018 1152 2097 adparuisse

149 2102 287 2163 defuncto
304 2121 358 2178 eo,
375 2121 438 2162 cum
454 2102 619 2163 thesaurum
635 2102 803 2181 effregisset
818 2103 922 2181 heres,
941 2101 1055 2163 solitum
1072 2104 1153 2163 enim

149 2205 188 2248 ex
202 2189 375 2266 manipretio
392 2188 531 2266 cuiusque
547 2187 622 2265 signi
640 2187 777 2248 denarios
804 2205 951 2266 seponere
967 2205 1072 2247 aureos
1090 2189 1151 2248 sin·

106 2283 142 2338 38
152 2271 249 2349 gulos.
286 2270 397 2332 Evecta
413 2289 500 2350 supra
515 2271 663 2332 humanam
678 2271 762 2331 fidem
777 2290 824 2331 ars
840 2279 887 2332 est
901 2290 1057 2346 successu,
1079 2289 1152 2330 mox

149 2363 179 2416 ct
199 2355 324 2415 audacia.
361 2357 390 2415 in
414 2364 615 2435 argumentum
635 2374 790 2415 successus
812 2373 896 2415 uuum
919 2355 1082 2433 exemplum
1100 2355 1194 2421 adse

147 2441 256 2516 feram,
272 2458 328 2500 nec
342 2438 463 2502 deorum
477 2440 639 2501 hominisve
655 2438 847 2500 similitudinis
864 2457 1036 2518 expressae.
1066 2448 1150 2500 actas

147 2531 247 2583 nostra
264 2524 335 2583 vidit
353 2525 382 2584 in
399 2521 563 2602 Capitolio,
584 2525 750 2603 priusquam
768 2523 796 2584 id
811 2525 969 2585 novissime
988 2522 1151 2603 conflagra-

148 2617 194 2668 ret
215 2626 230 2665 a
248 2606 415 2667 Vitellianis
440 2609 605 2686 incensum,
626 2611 655 2668 in
678 2607 753 2668 cella
768 2607 886 2669 lunonis
905 2626 1004 2669 canem
1024 2627 1061 2668 ex
1077 2626 1150 2669 aere

147 2691 250 2751 volnus
267 2709 347 2750 suum
362 2690 554 2769 lambentem,
577 2694 658 2752 cuius
683 2694 818 2753 eximium
836 2691 1001 2754 miraculum
1017 2701 1047 2753 et
1060 2691 1149 2753 indis·

148 2784 228 2836 creta
250 2776 312 2834 veri
338 2775 495 2836 similitudo
517 2794 575 2837 non
591 2793 628 2836 eo
650 2777 743 2837 solum
760 2777 941 2856 intellegitur
957 2776 1089 2856 quodibi
1107 2776 1192 2840 diso

146 2868 208 2921 cata
224 2860 329 2936 luerat,
347 2878 446 2920 verum
459 2869 488 2920 et
500 2859 700 2939 satisdatione,
717 2881 779 2922 uam
796 2864 929 2941 qnoniam
948 2879 1054 2922 summa
1071 2861 1149 2922 nulla

146 2961 199 3023 par
213 2943 384 3021 videbatur,
401 2945 497 3024 capite
514 2946 666 3006 tutelarios
679 2963 784 3006 cavere
801 2964 854 3024 pro
871 2965 906 3006 ea
921 2948 1081 3006 institutum
1096 2963 1148 3024 pn·

144 3028 299 3090 hliceinit.

102 3124 137 3181 39
211 3110 294 3192 (18.)
317 3112 463 3174 Audaciae
488 3116 635 3175 innumera
660 3125 724 3176 sunt
741 3115 884 3194 exempla,
923 3115 1008 3177 molis
1038 3116 1147 3194 quippe

147 3197 331 3274 excogitatas
347 3197 477 3257 videmus
495 3207 664 3275 statuarum,
681 3218 751 3277 quas
768 3200 938 3261 colossaeas
955 3208 1071 3273 vocant,
1088 3208 1147 3258 tur·
1158 3220 1187 3264 as

146 3282 226 3343 rihus
243 3282 332 3359 paris.
372 3281 437 3341 talis
464 3290 509 3342 est
525 3284 554 3341 iu
570 3280 717 3362 Capitulio
733 3283 843 3362 llpollu
865 3284 986 3344 tralatus
1002 3302 1018 3344 a
1037 3281 1147 3345 t1.Lu-

146 3365 224 3427 cullo
250 3383 288 3424 ex
310 3364 466 3444 Apollonia
481 3364 566 3426 Ponti
593 3368 682 3446 urhe,
705 3365 789 3428 XXX
805 3368 982 3446 cubitorum,
1005 3369 1147 3448 quingen-

102 3459 138 3517 40
154 3451 191 3515 tis
213 3448 330 3510 talentis
352 3450 465 3528 lactus,
488 3450 553 3510 talis
575 3452 604 3511 in
628 3470 728 3532 campo
751 3450 856 3513 hlartio
878 3451 1011 3532 luppiter
1042 3472 1057 3513 a
1077 3453 1146 3514 divo
