2468 3896
136 243 172 300 14
475 253 504 300 0.
525 252 621 305 rnrut
639 251 789 305 suctum

134 426 249 487 quoque
274 416 304 468 et
327 410 473 487 parietes,
495 410 542 486 qni
561 409 615 468 iam
630 415 660 466 et
676 409 732 484 ipsi
752 414 892 483 tamquam
911 423 979 468 vasa
995 408 1128 472 inauran-

133 501 195 569 tur,
219 511 281 552 cum
301 494 380 552 varia
398 511 449 552 sua
470 501 549 552 aetas
566 492 602 552 de
616 488 718 550 Catulo
735 491 961 567 existimaverit,
985 491 1062 570 quod
1082 500 1126 552 te·

131 575 213 653 gulas
228 594 329 638 aereas
348 574 472 654 Capitoli
490 579 657 640 indurasset.
1100 635 1102 638 .

89 671 123 726 58
195 662 210 739 (
218 661 277 739 19.)
292 661 403 720 Primos
415 662 583 720 inventores
596 661 669 735 auri,
678 661 751 718 sicut
764 657 944 719 metallorum
956 659 1020 718 iere
1033 661 1126 720 omni·

90 767 107 807 r,
121 766 154 801 on
167 763 228 819 um,
246 753 378 822 septumo
397 743 540 804 volumine
558 743 687 804 diximus.
717 741 904 820 Praecipuam
920 744 1041 820 gratiam
1058 742 1154 804 hules

131 831 267 889 materiae
291 828 381 888 luisse
398 827 524 888 arbitror
545 843 602 888 non
623 826 743 904 colore,
767 828 814 904 qui
835 825 942 886 clarior
957 828 986 887 in
1000 835 1125 904 argento

132 922 178 973 est
193 913 341 990 magisque
360 912 417 972 diei
437 912 555 987 similis,
570 912 638 971 ideo
654 911 824 970 militaribus
842 910 933 986 signis
945 910 1125 989 familiarior,

132 999 264 1074 quoniam
280 995 395 1074 longius
411 996 515 1074 fulget,
530 996 683 1056 manilesto
700 1012 802 1054 errore
819 1011 919 1054 eorum
931 997 978 1071 qui
991 995 1126 1056 ¹colorem

131 1081 256 1140 siderum
279 1080 424 1158 placuisse
445 1081 474 1140 in
495 1097 564 1140 auro
583 1081 773 1150 arbitrantur,
796 1096 858 1138 oum
877 1079 907 1137 iu
920 1097 1031 1155 gemma
1046 1078 1125 1140 aliis-

89 1174 192 1242 59que
213 1164 301 1223 rebus
324 1183 381 1224 non
404 1166 442 1223 sit
462 1165 645 1242 praecipuus.
681 1181 736 1222 nec
758 1162 887 1240 pondere
911 1171 958 1221 aut
983 1163 1168 1227 facilitatem

131 1250 269 1308 materiae
299 1248 457 1327 praelatum
482 1256 528 1308 est
556 1249 665 1308 ceteris
692 1246 836 1322 metallis,
869 1265 931 1306 cum
956 1246 1040 1307 cedat
1068 1265 1124 1324 per

131 1341 281 1410 utrumque
305 1332 441 1410 plumbo,
469 1332 523 1392 sed
550 1334 614 1410 quia
639 1349 735 1392 rerum
757 1333 803 1390 uni
823 1329 893 1389 nihil
914 1332 983 1408 igne
1006 1331 1123 1410 deperit

132 1418 217 1476 etiam
238 1417 266 1475 ln
289 1416 430 1476 incendiis
449 1417 602 1496 rogisque.
639 1416 811 1494 quinimmo
836 1432 892 1492 quo
916 1417 1033 1492 saepius
1050 1417 1122 1474 arsit

131 1501 244 1578 prolicit
265 1501 300 1560 ad
315 1501 491 1577 bonitatem,
512 1501 631 1578 aurique
654 1501 883 1578 experimentum
903 1500 978 1576 ignis
1004 1508 1065 1577 est,
1090 1508 1122 1558 ut

131 1585 216 1644 simili
233 1585 334 1645 colore
350 1586 453 1645 rubeat
468 1587 676 1663 ignescatque,
693 1593 723 1643 et
734 1585 827 1661 ipsum
842 1583 992 1643 obrussam
1007 1591 1121 1644 vocant.
1135 1608 1166 1648 1⁵

88 1671 252 1746 cuprinum
277 1678 371 1728 autem
397 1669 535 1728 bonitatis
554 1676 750 1745 argumentum
779 1685 861 1745 quam
887 1666 1053 1727 dillicillime
1077 1686 1123 1727 ac-

130 1752 221 1812 cendi.
260 1761 413 1830 praeterea
434 1754 532 1811 mirum
558 1769 665 1829 prunae
688 1751 890 1811 violentissimi
910 1750 981 1828 ligni
1003 1749 1123 1812 indomi-

130 1845 187 1895 tum
202 1835 285 1914 palea
299 1837 438 1896 citissime
450 1835 616 1913 ardescere,
631 1845 717 1914 atque
733 1844 762 1896 ut
776 1844 915 1913 purgetur
930 1853 992 1894 cum
1004 1835 1122 1912 plumbo

130 1921 225 1999 coqui.
247 1919 338 1980 altera
354 1939 440 1980 causa
457 1922 532 1998 preti
547 1921 648 1995 maior,
664 1918 740 1999 quod
755 1921 906 1979 minumum
921 1937 989 1978 usus
1003 1919 1122 1997 deterit,

130 2023 192 2064 oum
215 2013 356 2081 argento,
378 2022 462 2079 aere,
488 2003 603 2081 plumbo
625 2004 711 2065 liniae
736 2002 944 2081 praeducantur
965 2021 1165 2080 manusque20

87 2099 119 2153 61
135 2087 305 2148 sordescant
325 2088 443 2148 decidua
464 2090 591 2148 materia.
631 2107 685 2148 nec
709 2087 785 2148 allud
809 2087 901 2148 laxius
923 2087 1058 2147 dilatatur
1074 2097 1123 2146 aut

130 2173 310 2231 numerosius
336 2172 488 2249 dividitur,
513 2180 614 2250 utpote
642 2174 722 2232 ouius
749 2173 850 2232 unciae
877 2174 905 2230 in
932 2173 1122 2249 septingenas

129 2257 345 2333 quinquagenas
369 2256 517 2335 plurisque
538 2257 665 2316 bratteas
683 2265 851 2334 quaternum
876 2264 1001 2334 utroque
1018 2256 1123 2333 digito·

129 2357 189 2397 rum
204 2349 385 2417 spargantur.
421 2341 619 2401 crassissimae
641 2342 731 2400 exiis
753 2339 960 2400 Praenestinae
982 2346 1123 2399 vocantur

129 2424 281 2483 etiamnum
309 2426 454 2484 retinente
483 2442 587 2492 numen
618 2424 764 2485 Fortunae
794 2425 924 2482 inaurato
953 2423 1163 2489 fidelissimeas

17 2508 19 2512 ’
86 2507 170 2572 caiti
191 2507 353 2568 simulacro.
391 2525 529 2587 proxuma
544 2507 658 2569 brattea
678 2509 844 2586 quaestoria
866 2507 1038 2586 appellatur.
1074 2505 1109 2565 lli

130 2593 228 2668 spania
238 2591 368 2669 strigiles
380 2594 533 2652 voeatauri
547 2593 680 2670 parvolas
692 2610 808 2652 massas.
822 2608 912 2669 super
924 2593 1016 2650 omnia
1028 2590 1122 2650 solum

129 2677 157 2734 in
171 2693 265 2734 massa
282 2684 329 2735 aut
345 2684 474 2736 ramento
490 2677 610 2754 eapitur.
635 2695 697 2736 cum
708 2685 807 2736 cetera
821 2676 850 2734 in
864 2675 987 2734 metallis
1003 2683 1123 2752 reperta

128 2761 187 2835 igni
201 2759 402 2838 perficiantur,
420 2760 475 2820 hcc
490 2761 585 2819 statim
601 2778 698 2821 aurum
712 2769 758 2820 est
772 2769 1049 2836 consummatamque
1065 2778 1122 2820 rna·

130 2843 230 2903 teriam
245 2861 323 2904 suam
339 2846 470 2924 protinus
486 2842 584 2921 habet,
600 2863 662 2904 curn
674 2847 712 2904 ita
729 2845 880 2904 invenitur.
899 2843 971 2903 llaec
989 2845 1063 2904 enirn
1080 2845 1161 2908 in-eu

86 2946 109 2982 σε
121 2953 161 2990 un.
173 2931 273 2988 ventio
290 2930 352 2988 eius
369 2928 505 2988 naturalis
526 2937 582 3006 est,
598 2928 652 2988 alia
665 2948 747 3006 quam
760 2929 886 2988 dicemus
898 2937 1007 2988 coacta.
1032 2946 1123 3006 super

128 3019 227 3071 cetera
243 3030 300 3072 non
315 3013 421 3090 robigo
436 3011 513 3088 ulla,
530 3031 587 3073 non
602 3031 730 3090 aerugo,
744 3031 802 3073 non
816 3011 891 3072 aliud
907 3030 945 3072 ex
961 3015 1025 3090 ipso
1043 3012 1123 3089 quod

129 3104 277 3155 consumat
298 3096 455 3156 bonitatem
475 3098 619 3158 minuatve
644 3097 763 3175 pondus.
800 3097 854 3155 iam
877 3104 978 3157 contra
1001 3095 1070 3156 salis
1092 3105 1123 3155 et

128 3180 203 3239 aceti
232 3198 317 3240 sucos
345 3181 504 3240 domitores
526 3200 622 3242 rerum
646 3182 823 3256 constantia,
852 3197 998 3258 superque
1027 3181 1121 3240 omnia

85 3269 215 3326 tanetus
241 3281 273 3323 ac
295 3264 403 3324 texitur
430 3263 513 3324 lanae
532 3264 618 3324 modo
640 3267 688 3324 vel
712 3267 775 3325 sine
802 3263 873 3324 la'na.
916 3264 1010 3324 tunica
1033 3281 1161 3326 aureaas

128 3346 318 3424 triumphasse
334 3346 516 3427 Tarquinium
531 3349 659 3410 Priscum
673 3347 795 3410 Verrius
811 3347 906 3408 docet.
932 3365 986 3407 nos
1001 3347 1122 3407 vidimus

127 3430 316 3510 Agrippinam
330 3429 436 3498 Claudi¹¹
446 3433 587 3513 principis
603 3433 709 3494 edente
727 3451 763 3494 eo
777 3432 886 3492 navalis
898 3429 994 3510 proeli
1008 3439 1124 3510 specta·

127 3513 219 3574 culum
234 3516 413 3577 adsidentem
431 3517 458 3576 ei
480 3517 604 3577 indutam
620 3518 822 3596 paludamento
840 3533 930 3576 aureo
949 3516 1042 3576 textili
1057 3517 1123 3577 sine
