2468 3896
151 235 193 298 to
499 246 529 294 c.
546 247 641 294 amm
656 245 806 295 sxcunnr

152 404 228 480 roni,
245 401 437 480 Pythagorae.
466 402 582 463 laudant
600 403 663 463 eius
677 399 806 463 Larisam
821 410 851 462 et
870 400 1053 481 spintharum
1068 410 1159 482 peut·
1177 421 1180 424 ·

154 487 261 548 athlurn
283 495 314 548 et
329 486 505 565 Apollinem,
535 486 583 546 alii
608 503 667 547 non
682 485 755 546 hanc
769 485 962 563 ignobilitatis
977 487 1069 547 luisse
1085 504 1157 564 cau·

56 579 59 584 “
152 589 228 648 sam,
256 571 309 632 sed
339 571 417 649 quod
451 589 484 632 se
513 589 615 648 regum
646 569 754 631 Xerxis
785 578 871 648 atque
901 570 989 632 Darei
1026 571 1155 632 cilicinis

109 666 143 726 69
154 655 313 732 dediderit,
329 657 503 718 existimant.
537 655 602 735 [10]
617 653 780 716 Praxiteles
796 671 914 734 quoque
928 671 1071 716 marmore
1086 654 1155 715 ieli-

153 741 233 816 cior,
260 740 328 801 ideo
351 749 381 800 et
405 739 512 802 clarior
527 740 590 800 luit.
629 740 701 800 iecit
716 747 813 802 tamen
828 747 858 799 et
877 758 916 800 ex
931 757 1001 800 aere
1017 737 1180 817 pulcher-5

152 827 222 885 rima
235 840 341 903 opera:
358 823 554 905 Proserpinae
566 831 689 904 raptum,
704 825 774 884 item
786 831 961 902 catagusam,
974 831 1003 884 et
1015 821 1155 884 Liberum

152 917 281 988 patrem,
306 908 479 969 ebrietatem
501 907 688 987 nobilemque
712 925 766 968 una
786 906 918 984 Satyrum
937 924 1023 986 quem
1046 906 1154 968 Graeci

152 992 329 1072 periboeton
341 993 555 1071 cognominant,
570 1000 599 1054 et
611 992 693 1070 signa
704 1009 778 1070 quae
793 1000 860 1052 ante
872 991 1032 1054 Felicitatis
1048 992 1155 1052 aedem

154 1077 256 1152 luere,
279 1076 485 1155 Veneremque
508 1093 582 1156 quae
605 1075 775 1156 ipsa-aedis
796 1075 930 1137 incendio
952 1084 1078 1139 cremata
1103 1083 1155 1138 est

153 1158 252 1221 claudi
275 1162 454 1240 principatu,
475 1178 653 1222 marmoreae
673 1159 716 1221 illi
738 1178 807 1222 suae
830 1178 884 1241 per
908 1169 1001 1222 terras
1022 1160 1151 1222 inclutae
1165 1179 1195 1224 ro

109 1254 145 1313 'lo
156 1263 271 1325 parem,
293 1247 362 1305 item
376 1244 581 1324 stephanusam
590 1288 599 1322 ,
621 1245 838 1325 pseliumenen,
854 1244 1062 1325 canephoram,
1078 1242 1152 1307 llar-

152 1329 276 1392 modium
300 1337 329 1390 et
345 1329 580 1407 Aristogitonem
599 1329 808 1406 tyrannicidas,
832 1347 904 1408 quos
928 1347 944 1390 a
961 1328 1061 1390 Xerxe
1078 1328 1152 1390 Per-

58 1484 60 1487 ,
153 1433 246 1476 sarum
269 1433 342 1493 rege
363 1421 465 1494 captos
484 1415 560 1476 victa
576 1413 696 1474 Perside
713 1412 943 1475 Atheniensibus
961 1414 1073 1475 remisit
1089 1411 1152 1476 bla-

151 1517 226 1577 gnus
248 1499 424 1560 Alexander.
472 1498 543 1560 lecit
566 1507 596 1559 et
617 1498 758 1577 puberem
782 1498 949 1578 Apollinem
976 1498 1152 1577 subrepenti

152 1583 280 1645 lacertae
294 1587 451 1644 comminus
468 1585 580 1662 sagitta.
588 1583 772 1645 insidiantem
787 1601 872 1662 quern
887 1591 1083 1644 sauroctonon
1098 1600 1152 1643 vo·
1165 1605 1195 1648 rt

152 1677 225 1728 eant.
261 1677 430 1746 spectantur
450 1677 480 1729 et
495 1667 550 1729 duo
574 1669 657 1746 signa
673 1668 735 1730 eius
754 1667 887 1728 diversos
907 1666 1036 1729 adiectus
1053 1668 1153 1746 expri-

150 1753 274 1828 mentia,
306 1751 402 1812 dentis
434 1761 581 1812 matronae
612 1760 643 1813 et
670 1753 835 1814 meretricis
864 1750 1027 1830 gaudentis.
1077 1750 1154 1812 hanc

152 1844 251 1915 putant
270 1835 405 1912 Phrynen
423 1836 515 1897 luisse
537 1835 814 1917 deprehenduntque
838 1838 868 1900 iu
891 1854 925 1898 ea
940 1853 1068 1898 amorem
1082 1837 1154 1897 arti-

108 1921 217 1988 illicis
233 1928 263 1981 et
272 1920 436 1983 mercedem
450 1921 479 1982 in
491 1921 573 1981 voltu
587 1923 760 1984 meretricis.
790 1922 854 2002 [ll]
868 1921 956 1984 habet
968 1919 1152 1982 simulacrum

151 2014 182 2066 et
198 2003 362 2082 benignitas
380 2007 461 2083 eius,
484 2002 637 2068 Calamidis
654 2007 729 2068 euim
745 2005 902 2084 quadrigae
924 2006 1051 2084 aurigam
1067 2021 1151 2066 suum
1162 2024 1191 2067 ao

151 2091 295 2168 inposuit,
319 2109 355 2150 ue
372 2091 476 2152 melior
493 2091 521 2150 in
539 2108 679 2169 equorum
694 2091 793 2169 elligie
815 2091 962 2153 deiecisse
985 2092 1014 2151 in
1031 2090 1150 2152 homine

151 2173 329 2234 crederetur.
366 2176 431 2253 ipse
447 2171 570 2236 Calamis
598 2183 628 2236 et
650 2175 720 2235 alias
744 2176 898 2254 quadrigas
915 2176 1057 2254 bigasque
1075 2176 1151 2236 lecit

152 2260 234 2336 equis
257 2276 374 2339 semper
394 2260 457 2320 sine
481 2258 594 2320 aemulo
615 2261 777 2339 expressis.
814 2261 884 2338 sed,
905 2279 942 2320 ne
966 2259 1098 2321 videatur
1119 2261 1150 2320 in

150 2342 294 2404 hominum
322 2343 422 2422 effigie
449 2343 591 2421 inferior,
617 2342 775 2405 Alcumena
798 2345 903 2406 nullius
932 2353 978 2404 est
1008 2343 1147 2406 nobilior.

107 2427 220 2508 72112}
247 2427 422 2490 Alcamenes
449 2427 567 2490 Phidiae
593 2427 751 2507 discipulus
777 2437 808 2489 et
833 2445 995 2491 marmorea
1019 2429 1090 2490 lecit
1118 2436 1190 2496 etna

150 2530 267 2572 aereum
286 2512 463 2592 pentathlum
480 2513 527 2590 qui
555 2521 673 2573 uocatur
694 2515 933 2589 eucrinomenos,
961 2521 989 2572 at
1010 2510 1148 2591 Polycliti

150 2595 307 2674 discipulus
319 2595 465 2659 Aristides
481 2595 635 2675 quadrigas
648 2596 799 2676 bigasque.
825 2597 1019 2676 Amphiaratis
1032 2596 1148 2658 leaena

150 2678 280 2741 laudatur
300 2688 434 2740 scortum.
467 2679 539 2741 haec
554 2679 637 2758 lyrae
656 2689 741 2742 cantu
760 2681 907 2743 familiaris
938 2679 1094 2743 llarmodio
1116 2690 1148 2742 et

150 2764 346 2842 Aristogitoni
361 2764 483 2826 consilia
499 2783 599 2824 eorum
614 2765 650 2827 de
663 2766 853 2844 tyrannicidio
869 2784 960 2845 usque
977 2767 1005 2827 in
1023 2774 1148 2828 mortem
1165 2763 1168 2770 ⁴

151 2850 317 2911 excruciata
328 2867 346 2910 a
357 2849 485 2928 tyrannis
503 2867 561 2911 non
579 2849 716 2929 prodidit,
735 2851 921 2930 quamobrem
935 2850 1148 2930 Athenienses,
1159 2872 1188 2916 ao

150 2941 180 2994 et
191 2934 333 2996 honorem
344 2933 454 2996 habere
467 2935 494 2996 ei
507 2933 642 2996 volentes
655 2951 710 2996 nec
721 2942 816 2997 tannen
827 2944 954 2996 scortum
964 2934 1148 3015 celebrasse,

149 3019 252 3080 animal
273 3021 396 3081 nominis
417 3020 480 3080 eius
506 3020 607 3080 iecere
628 3028 734 3098 atque,
760 3028 791 3081 ut
812 3019 1036 3098 intellegeretur
1057 3039 1145 3082 causa

107 3103 290 3180 ualerone,
311 3105 341 3165 in
359 3122 451 3184 opere
467 3103 593 3182 linguam
615 3103 679 3165 addi
695 3103 731 3165 ab
750 3105 861 3166 artifice
879 3113 1043 3166 vetuerunt.
1080 3105 1146 3186 [13]

149 3186 270 3264 Bryaxis
289 3188 495 3268 Aesculapium
514 3197 544 3249 et
559 3186 713 3252 Seleucum
727 3189 815 3267 lecit,
829 3188 942 3250 lloedas
966 3187 1147 3267 adorantem,

148 3272 240 3332 Baton
255 3272 422 3352 Apollinem
445 3283 475 3335 et
489 3272 628 3335 lunonem
643 3274 691 3352 qui
707 3282 773 3337 sunt
785 3272 896 3335 Romae
917 3275 947 3333 in
963 3271 1188 3336 concordasse

105 3365 140 3422 74
152 3355 269 3436 templo.
299 3357 364 3439 {141
380 3355 508 3420 Cresilas
526 3356 706 3418 volneratum
721 3357 905 3421 deiicientem
923 3359 952 3418 in
971 3375 1029 3437 quo
1053 3360 1149 3437 possit

148 3441 280 3520 intellegi
303 3450 438 3524 quantum
460 3450 555 3504 restet
580 3443 690 3503 animae
715 3451 746 3504 et
767 3441 928 3522 Olympium
947 3441 1083 3504 Periclen
1106 3443 1149 3504 di·
1224 3453 1227 3530 p*

147 3544 234 3604 gnum
245 3529 431 3605 cognomine,
445 3528 604 3607 mirumque
617 3527 645 3586 in
656 3525 710 3588 hac
723 3536 785 3590 arte
797 3535 844 3589 est
857 3525 934 3606 quod
947 3527 1053 3590 nobilis
1065 3528 1149 3590 viros
1224 3553 1226 3628 p
