2510 3898
353 219 541 268 11111111.
560 222 666 271 xxxv.
683 221 725 275 11.
744 206 818 293 (to.)
1043 213 1084 274 93

78 382 153 434 trato
177 382 209 434 et
229 373 415 437 muliebriter
435 376 654 454 ingemescente
673 379 748 440 inter
766 379 937 458 opstetricia
956 379 1083 457 dearum,

6 458 11 515 ζ
79 455 172 519 Cleon
195 455 323 537 Cadmo,
348 457 532 523 ctesidemus
549 459 705 523 Oechaliae
725 464 960 542 expugnatione,
975 463 1083 525 baoda·

1 533 10 634 l
77 543 148 620 mia,
162 539 311 605 ctesicles
325 545 448 623 reginae
461 545 641 608 Stratonices
652 547 765 608 iniuria.
791 547 871 608 nullo
884 549 960 610 enim
971 547 1084 610 honoro

5 686 10 713 =
80 635 224 707 exceptus
241 627 276 688 ab
300 646 335 689 ea
356 630 451 708 pinxit
466 629 645 691 volutantem
660 649 723 692 cum
738 633 887 711 piscatore
903 649 989 711 quem
1006 635 1083 711 regi-

58 729 139 772 onam
166 730 266 774 amare
293 731 392 774 sermo
418 723 500 791 erat,
528 732 650 794 eamque
675 716 799 777 tabulam
817 719 948 796 inportu
973 715 1083 797 Ephesi

79 798 236 878 proposuit
259 798 325 878 ipsc
349 799 423 860 velis
445 807 559 879 raptus.
603 801 705 879 regina
730 800 794 862 tolli
815 803 909 864 vetuit
931 803 1083 882 utriusque

79 881 269 943 similitudine
290 883 363 943 mire
387 901 539 962 expressa.
584 881 719 946 Cratinus
735 886 893 948 comoedus
910 885 1033 947 Athenis
1054 888 1083 947 in

78 963 220 1046 Pompeio
239 967 343 1045 pinxit.
375 968 441 1050 [34]
453 966 622 1045 Eutychidis
640 970 737 1048 bigam
752 973 830 1050 regit
841 969 982 1032 Victoria.
1004 969 1061 1031 Eu·
1075 982 1124 1041 141

78 1048 166 1111 dorus
183 1069 292 1112 scaena
307 1060 476 1131 spectatur,
498 1089 541 1100 —
558 1053 633 1115 idem
650 1064 680 1115 et
698 1073 737 1116 ex
751 1072 819 1117 aere
836 1057 919 1134 signa
934 1056 1005 1117 tecit
1025 1091 1083 1136 —,

47 1135 144 1216 10135]
161 1134 276 1214 Hippys
295 1135 434 1216 Neptuno
456 1145 487 1199 et
507 1136 649 1200 Victoria.
686 1137 805 1202 Hebron
826 1142 944 1202 amicam
962 1149 991 1201 et
1008 1138 1084 1201 Con·

63 1220 205 1280 'cordiam
225 1222 317 1299 pinxit
339 1231 371 1282 et
391 1221 511 1283 deorum
530 1222 698 1302 simulacra,
715 1222 887 1286 leontiscus
900 1224 1020 1285 Aratum
1041 1226 1082 1286 si-

1 1367 2 1392 ,
76 1313 189 1366 ctorem
213 1323 276 1365 eum
291 1314 433 1386 tropaeo,
455 1307 620 1386 psaltriam,
645 1307 726 1369 beon
741 1308 877 1388 Sappho,
910 1309 975 1391 [36]
992 1308 1084 1372 Ν111-

1 1405 2 1422 ¹
76 1388 147 1449 chus
165 1389 315 1452 Venerem
332 1391 411 1452 inter
427 1390 540 1454 Gratias
557 1400 587 1454 et
603 1391 778 1472 Cupidines,
796 1391 950 1454 llerculem
970 1395 1083 1455 tristem

76 1474 208 1535 insaniae
221 1477 413 1554 poenitentia.
425 1475 553 1538 Nealces
561 1476 720 1555 Venerem,
728 1478 899 1556 ingeniosus
912 1486 942 1539 et
954 1478 1062 1540 sollers
1074 1491 1125 1546 lli

46 1559 107 1620 rain
121 1568 204 1637 arte,
221 1560 380 1641 siquidem,
399 1579 462 1622 cnm
481 1563 625 1642 proelium
642 1562 746 1624 navale
761 1559 916 1622 Persarum
937 1571 969 1624 et
984 1563 1083 1642 Aegy-

1 1639 2 1704 ³
76 1645 206 1724 ptiorum
220 1639 382 1724 pinxisset,
398 1645 475 1724 quod
491 1649 520 1706 in
534 1645 620 1724 Nilo,
637 1648 719 1708 cuius
737 1656 783 1709 est
793 1665 865 1726 aqua
881 1649 951 1708 mari
969 1648 1082 1728 similis,

1 1767 2 1796 ,
76 1731 184 1790 laetum
209 1729 329 1790 volebat
354 1730 508 1809 intellegi,
535 1740 706 1810 argumento
731 1731 890 1793 declaravit
918 1733 995 1812 quod
1018 1741 1081 1796 arte

1 1823 2 1876 l
77 1832 136 1873 uon
152 1822 278 1892 poterat.
316 1814 437 1876 asellum
456 1817 532 1877 enim
549 1817 697 1879 bibentem
712 1819 742 1878 in
757 1817 846 1878 litore
865 1817 957 1896 pinxit
973 1825 1003 1878 et
1019 1836 1082 1880 cro·

78 1898 204 1960 eodilum
220 1899 405 1961 insidiantem
420 1903 456 1962 ci.
492 1901 556 1981 {37}
571 1900 679 1964 Oenius
695 1903 892 1980 syngenicon,
916 1900 981 1982 138]
997 1901 1126 1970 Phi-143

47 1983 169 2044 attacus
197 1983 343 2045 cilicinam
364 1986 485 2064 pictoris
506 1987 604 2064 ignem
632 1986 777 2048 conflante
798 2003 908 2066 puero,
927 1986 1083 2048 Phalarion

78 2067 222 2148 Scyllam,
248 2069 313 2151 [39]
331 2069 494 2132 Simonides
512 2070 726 2150 Agatharchum
742 2080 772 2132 et
789 2069 1015 2150 Mnemosynen,
1040 2072 1082 2132 Si·

77 2171 139 2213 mne
163 2154 300 2215 iuvenem
321 2157 572 2234 requiescentem,
595 2155 739 2218 cilicinam
754 2154 873 2216 tullonis
893 2157 1082 2236 quinquatrus

76 2237 293 2316 celebrantem,
307 2239 441 2318 idemque
452 2239 599 2302 Nemesim
614 2243 779 2320 egregiam,
797 2240 861 2321 [to]
878 2239 1012 2302 Theorus
1027 2261 1060 2303 se
1074 2251 1125 2306 144

1 2311 2 2364 Ψ
77 2323 300 2402 inunguentem‚
318 2323 394 2385 idem
408 2325 444 2386 ab
458 2324 565 2388 Oreste
583 2335 703 2387 matrem
719 2334 750 2386 et
760 2324 932 2402 Aegisthum
944 2326 1082 2402 interdici,

46 2407 246 2487 ubellumque
264 2407 381 2470 Iliacum
397 2409 528 2489 pluribus
545 2410 669 2488 tabulis,
687 2408 764 2488 quod
780 2417 826 2469 est
842 2407 953 2469 Romae
974 2411 1002 2469 in
1018 2408 1082 2470 Phi·

77 2492 149 2572 lippi
166 2494 341 2574 porticibus.
358 2502 388 2555 et
404 2491 605 2570 Cassandram,
625 2501 763 2574 quaeest
781 2493 809 2553 in
828 2490 1010 2554 Concordiae
1033 2493 1082 2554 de·

77 2577 181 2656 lubro,
211 2577 364 2640 Leontium
389 2577 508 2659 Epicuri
533 2581 728 2658 cogitantem,
763 2576 943 2640 Demetrium
970 2596 1080 2657 regem.

77 2661 181 2724 Theon
197 2661 313 2724 Orestis
333 2665 488 2743 insaniam,
511 2663 671 2742 Thamyran
685 2662 900 2740 citharoedum,
926 2661 1081 2724 Tauriscus

76 2747 278 2825 discobolum,
301 2746 576 2829 Clytaemnestram,
602 2748 762 2827 Paniscon,
782 2745 942 2825 Polynicen
960 2766 1082 2828 regnum

1 2875 2 2886 .
47 2841 282 2913 competentem,
303 2843 333 2894 et
351 2831 495 2913 Capanea.
526 2834 591 2916 {At}
607 2832 673 2895 Non
690 2836 842 2894 omittetur
858 2834 936 2894 inter
947 2831 1001 2893 hos
1019 2835 1124 2896 11145

78 2920 163 2996 signe
181 2918 354 2997 exemplum.
391 2936 513 2997 namque
528 2917 675 2998 Erigonus
695 2919 781 2979 tritor
804 2916 933 2978 colorum
954 2915 1083 2978 Nealcae

77 3004 201 3081 pictoris
224 3005 254 3063 in
270 3011 376 3064 tantum
391 3004 455 3082 ipse
471 3004 598 3082 proiecit
617 3012 649 3064 ut
663 3003 812 3065 celebrem
827 3003 914 3062 etiam
928 3000 1082 3082 dicipulum

79 3087 234 3166 reliquerit
247 3086 368 3166 Pasian,
383 3088 501 3150 iratrem
513 3087 678 3167 Aeginetae
694 3087 816 3148 lictoris.
847 3085 917 3147 illnd
929 3104 1002 3148 uero
1015 3105 1081 3166 per·

80 3189 164 3251 quam
178 3189 274 3232 sarram
294 3191 327 3233 ac
341 3174 480 3234 memoria
494 3173 610 3252 dignum
625 3182 672 3234 est
687 3189 822 3257 suprema
837 3189 928 3250 opera
943 3172 1082 3234 artificum

47 3274 71 3316 aa
83 3257 321 3337 inperfectasque
339 3257 468 3335 tabulas,
487 3259 561 3319 sicut
580 3257 648 3320 lrim
663 3257 819 3333 Aristidis,
840 3255 1016 3334 Tyndaridas
1033 3256 1082 3318 Ni-

80 3341 234 3420 comachi,
259 3341 383 3404 Mediam
408 3341 583 3404 Timomachi
614 3352 645 3404 et
675 3360 759 3423 quam
785 3341 907 3402 diximus
931 3340 1114 3402 Veneremur

80 3425 214 3506 Apellis,
237 3427 266 3487 in
283 3430 392 3489 maiore
411 3426 599 3490 admiratione
619 3447 688 3490 esse
704 3445 787 3507 quam
803 3427 951 3505 perlecta,
974 3429 1081 3505 quippe

1 3499 2 3532 ³
56 3511 109 3572 ¹in
139 3513 175 3573 iis
205 3512 370 3576 liniamenta
399 3512 512 3594 reliqua
541 3517 683 3594 ipsaeque
715 3511 911 3591 cogitationes
942 3511 1081 3570 artificum
