2510 3898
169 233 228 295 112
506 240 536 290 c.
555 241 650 289 rumr
671 239 820 289 securior

125 397 376 467 38Atheuodorus
398 396 511 458 Rhodii.
558 395 691 456 similiter
713 394 856 456 Palatinas
881 394 983 455 domos
1006 392 1173 454 Caesarum

168 483 324 562 replevere
360 482 571 561 probatissimis
606 481 698 558 siguis
727 477 865 541 Craterus
893 497 956 540 cum
980 477 1172 556 Pythodoro,

167 566 349 644 Polydeuces
367 584 429 626 cum
440 564 613 643 Hermolao,
629 563 812 642 Pythodorus
828 563 900 624 alius
915 581 979 624 cum
990 563 1172 640 Artemone,

169 661 200 713 et
226 637 380 730 singularis
402 648 595 729 Aphrodisius
618 647 787 710 Trallianus.
832 646 984 728 Agrippae
1003 646 1173 708 Pantheum

168 735 319 796 decoravit
339 733 491 812 Diogenes
512 733 720 810 Atheniensis,
746 732 937 810 incolumnis
969 730 1068 810 templi
1099 732 1195 793 eiust
1228 742 1231 744 ’

168 817 338 896 caryatides
359 818 519 898 probantur
532 819 609 879 iuter
628 835 720 896 pauca
741 833 881 897 operum,
903 816 977 878 sicut
998 818 1028 876 in
1042 815 1169 893 fastigio

167 905 264 982 posita
288 905 370 982 signa
395 902 447 964 sed
468 911 592 982 propter
611 901 789 962 altitudinem
809 901 866 962 loci
891 901 982 962 minus
1005 899 1167 961 celebrata.

23 1029 26 1038 ,
125 987 236 1067 39112]
259 987 420 1048 lnhonorus
442 995 488 1047 est
512 1005 567 1046 nec
591 987 621 1046 iu
642 981 754 1066 templo*
776 985 835 1046 ullo
856 983 998 1046 Hercules
1020 969 1055 1045 dd
1077 1001 1169 1063 quem

168 1072 259 1132 Poeni
281 1071 411 1131 omnibus
427 1071 517 1131 aunis
539 1070 658 1131 humana
681 1070 913 1131 sacrificaverant
932 1070 1065 1146 victima,
1085 1068 1169 1128 humi

168 1164 246 1216 stans
262 1163 328 1216 ante
345 1155 450 1216 aditum
464 1155 594 1234 porticus
610 1153 802 1215 adnationes.
840 1153 919 1214 Sitne
939 1152 1024 1214 fuere
1043 1161 1072 1212 et
1088 1151 1207 1213 The-ro

168 1239 283 1318 spindos
312 1238 346 1300 ad
373 1237 474 1299 aedem
495 1237 672 1317 Felicitatis,
701 1257 819 1317 quarum
844 1256 927 1299 unam
946 1238 1050 1298 amavit
1071 1253 1167 1315 eques

168 1323 313 1385 Romanus
335 1323 432 1384 lunius
453 1322 630 1398 Pisciculus,
657 1331 686 1382 ut
711 1322 796 1383 tradit
818 1321 930 1399 Varro,
953 1321 1109 1382 admiratur
1134 1327 1168 1380 et

167 1407 326 1486 Pasiteles,
345 1408 393 1487 qui
409 1416 439 1468 et
452 1409 578 1486 quinque
593 1405 736 1467 volumina
755 1408 872 1486 scripsit
887 1405 1027 1466 nobilium
1042 1422 1168 1484 operum

126 1495 197 1559 coin
213 1501 275 1553 toto
292 1491 376 1554 orbe.
403 1491 494 1552 Natus
509 1491 557 1552 hic
572 1493 601 1550 in
614 1487 724 1551 Graeca
737 1489 841 1552 ltaliae
857 1507 908 1552 ora
923 1498 954 1551 et
969 1491 1087 1550 civitate
1103 1488 1167 1548 Ro·

167 1594 249 1639 marra
264 1576 386 1636 donatus
399 1593 462 1637 cum
478 1577 514 1636 iis
530 1574 644 1654 oppidis
656 1575 757 1635 lovem
771 1574 842 1636 fecit
854 1574 994 1636 eboreum
1009 1576 1038 1634 in
1048 1572 1165 1634 bletelli
1176 1596 1203 1638 15

169 1661 241 1722 aede
261 1677 317 1739 qua
338 1677 454 1739 campus
472 1661 590 1738 petitur.
627 1658 730 1719 accidit
747 1661 792 1736 ei,
814 1678 877 1720 cum
894 1661 923 1719 in
943 1657 1092 1719 navalibus
1115 1657 1165 1718 ubi

167 1746 248 1806 ferae
270 1743 423 1803 Africanae
447 1751 529 1803 erant
549 1761 604 1822 per
620 1760 736 1803 caveam
754 1745 869 1804 intuens
891 1743 1006 1804 leonem
1024 1742 1165 1820 caelaret,

167 1837 198 1888 ut
221 1846 259 1888 ox
282 1826 337 1887 alia
353 1844 442 1887 cavea
456 1827 595 1905 panthera
611 1836 779 1906 erumperet
799 1845 858 1888 non
874 1826 933 1888 levi
951 1827 1083 1906 periculo
1102 1826 1166 1887 dili·

167 1913 330 1990 gentissimi
353 1911 480 1971 artificis.
514 1911 624 1972 fecisse
654 1928 744 1990 opera
771 1911 910 1991 conplura
937 1911 1057 1990 dicitur,
1089 1928 1164 1990 quae

125 1996 274 2062 olfecerit
295 1996 460 2055 nominatim
480 2012 538 2056 nou
560 1995 695 2056 refertur.
748 1996 813 2076 [131
840 1994 1023 2057 Arcesilaum
1046 2009 1199 2075 quoqueto

166 2079 328 2157 magnificat
351 2077 464 2156 Varro,
485 2080 566 2140 cuius
593 2099 626 2140 se
654 2097 842 2142 marmoream
865 2080 1002 2142 habuisse
1030 2080 1163 2142 leaenam

167 2163 355 2241 aligerosque
376 2161 502 2224 ludentis
523 2182 587 2224 cum
602 2183 636 2225 ea
655 2161 829 2244 Cupidines,
853 2181 974 2245 quorum
990 2164 1038 2225 alii
1056 2164 1162 2244 religa·

167 2256 223 2308 tam
244 2255 398 2324 tenerent,
425 2247 472 2308 alii
498 2265 588 2309 cornu
617 2257 759 2328 cogerent
780 2249 902 2328 bibere,
931 2248 980 2309 alii
1005 2249 1162 2310 calciarent

166 2333 281 2410 soccis,
304 2333 395 2392 omnis
417 2350 455 2393 ex
479 2350 535 2393 uno
555 2333 661 2412 lapide.
696 2334 772 2394 idem
788 2341 818 2394 et
833 2351 848 2394 a
866 2331 1000 2414 Coponio
1014 2333 1097 2394 Xllll
1115 2352 1161 2394 na-

168 2419 264 2478 tiones
280 2434 355 2497 quae
373 2425 439 2476 sunt
455 2419 532 2478 circa
548 2416 717 2497 Pompeium
730 2417 821 2479 factas
839 2427 1022 2498 auctorest,
1038 2419 1103 2498 [14]
1119 2420 1194 2479 iri-rc

124 2520 154 2564 rr,
167 2521 190 2556 eo
200 2502 288 2562 venio
312 2509 342 2562 et
359 2497 520 2561 Canachum
539 2501 683 2562 laudatum
699 2504 776 2561 inter
793 2504 949 2564 statuarios
965 2505 1072 2564 fecisse
1087 2521 1157 2564 mar·

125 2595 274 2648 canores.
317 2603 371 2645 uec
390 2583 509 2645 Sauram
535 2593 622 2663 atque
641 2585 812 2646 Batrachum
841 2586 1004 2648 oblitterari
1025 2589 1159 2650 conuenit

166 2670 214 2746 qui
233 2668 333 2729 fecere
358 2667 463 2746 templa
483 2668 622 2730 Octaviae
650 2670 810 2749 porticibus
830 2670 939 2733 inclusa
964 2673 1083 2734 natione
1104 2674 1158 2752 ipsi

163 2750 306 2812 Lacones.
344 2751 456 2829 quddam
478 2761 507 2811 et
530 2753 632 2831 opibus
655 2757 855 2834 praepotentis
876 2755 967 2818 fuisse
989 2774 1041 2818 eos
1059 2766 1158 2837 putant

166 2853 200 2895 ac
220 2854 271 2897 sua
298 2838 420 2915 inpensa
440 2837 640 2898 construxisse
667 2840 884 2918 inscriptionem
913 2844 1074 2921 sperantis,
1103 2860 1156 2922 qua
1166 2863 1191 2906 co

166 2929 271 2998 negata
287 2920 343 2981 hoc
358 2929 453 2982 tamen
469 2921 526 2982 alio
538 2921 624 2982 modo
640 2941 805 3003 usurpasse.
830 2933 896 2986 sunt
911 2935 993 2988 certo
1009 2927 1156 2988 etiamnum

164 3005 192 3064 in
215 3005 409 3068 columnarum
432 3007 518 3086 spiris
541 3006 683 3086 insculpta
703 3009 846 3069 nominum
868 3027 969 3090 corum
988 3021 1155 3091 argumento

121 3088 277 3154 Aslacerta
299 3098 385 3169 atque
407 3109 485 3152 rana.
526 3091 554 3151 in
576 3090 654 3152 lovis
676 3091 749 3152 aede
770 3111 808 3154 ex
828 3094 864 3155 iis
879 3097 991 3174 pictura
1005 3096 1154 3178 cultusque

163 3171 294 3250 reliquos
309 3176 399 3234 omnis
415 3175 547 3236 femineis
564 3176 739 3254 argumentis
762 3186 893 3258 constat,
915 3183 1069 3242 eratenim
1083 3183 1155 3243 facta

163 3255 275 3334 lunoni,
292 3257 355 3335 sed,
371 3276 433 3318 cum
447 3258 622 3321 inferrentur
633 3261 726 3338 sigua,
739 3271 921 3340 permutasse
932 3266 1028 3342 geruli
1045 3267 1153 3328 tradun·
1163 3287 1186 3330 eo

164 3349 226 3418 tur,
243 3349 273 3401 et
288 3340 316 3402 id
330 3341 474 3420 religione
490 3343 662 3404 custoditum
680 3344 762 3406 velut
776 3348 847 3428 ipsis
865 3348 908 3410 dis
924 3351 1024 3412 sedem
1038 3353 1078 3413 ita
1093 3369 1154 3431 par·

163 3425 232 3486 titis.
269 3443 341 3504 ergo
365 3435 395 3489 et
417 3429 445 3488 in
459 3426 577 3488 lunonis
593 3428 666 3490 aede
685 3430 779 3493 cultus
798 3440 844 3495 est
866 3435 914 3514 qui
929 3434 1009 3496 lovis
1026 3454 1094 3497 esse
1108 3435 1153 3498 de-

163 3509 233 3572 buit.
279 3511 344 3591 {151
365 3511 435 3572 Sunt
456 3520 487 3574 et
508 3513 537 3572 in
559 3514 687 3619 parvolis
703 3520 872 3604 marmoreis
887 3520 992 3580 famam
1006 3523 1152 3584 consecuti
