2510 3898
161 219 221 284 138
511 229 540 278 o.
563 229 660 276 eninr
681 227 832 277 sncunnr

159 388 332 450 cicatricem.
368 387 474 448 luxatis
502 403 619 466 quoque
647 403 712 445 cum
736 383 844 462 liquida
872 385 971 448 resina
994 394 1044 446 aut
1074 383 1164 464 adipe

159 473 245 534 suillo
262 491 300 534 ex
317 471 405 534 melle
421 471 570 549 medetur,
586 469 688 532 eadem
705 470 912 548 conpositione
927 479 958 532 et
973 470 1100 532 strumis.

117 571 165 626 181
239 557 324 637 (58.)
346 556 454 618 blaltha
482 576 498 618 e
524 555 603 616 calce
628 555 660 615 fit
677 555 799 616 recenti.
836 553 941 633 glaeba
963 557 1032 616 vino
1053 556 1163 617 restin-

157 644 273 723 guitur,
295 659 363 702 mox
386 641 513 703 tunditur
534 659 597 702 cum
614 640 700 719 adipe
718 638 804 700 suillo
821 647 851 700 et
872 639 945 719 fico,
967 640 1072 721 duplici
1088 640 1163 701 leni-

156 736 273 806 mento,
298 745 372 806 quae
395 745 443 787 res
461 726 584 787 omnium
599 725 782 786 tenacissima
797 732 828 785 et
845 724 977 787 duritiam
991 725 1095 805 lapidis
1111 743 1188 788 an·s

157 812 308 874 tecedcns.
344 811 421 890 quod
436 811 588 873 malthatur
603 809 671 871 olco
690 809 864 890 perfricatur
881 820 958 872 ante.

115 909 167 966 182
244 896 328 976 (59.)
344 894 475 974 Cognata
489 895 562 957 calci
578 915 626 957 res
638 913 760 974 gypsum
773 903 829 956 cst.
858 894 941 974 plura
959 897 1022 958 eius
1037 913 1161 974 genera.

157 1001 222 1043 narn
238 991 268 1042 et
283 1001 300 1042 e
317 979 414 1060 lapide
430 981 583 1061 coquitur,
604 990 635 1041 ut
652 982 680 1040 in
698 977 782 1057 Syria
797 997 830 1040 ao
846 978 981 1059 Thuriis,
997 988 1059 1042 ete
1080 989 1161 1042 terra

157 1067 283 1143 foditur,
307 1075 339 1125 ut
360 1068 389 1125 in
417 1063 516 1146 Cypro
540 1085 573 1126 ac
594 1064 792 1143 Perrhaebia,
822 1084 838 1126 e
863 1085 969 1126 summa
994 1063 1101 1127 tellure
1129 1073 1161 1126 et
1205 1087 1208 1092 ·

158 1150 363 1232 Tymphaicum
378 1159 433 1211 est.
462 1152 510 1231 qui
527 1152 661 1230 coquitur
676 1149 750 1229 lapis
771 1167 829 1210 non
845 1149 992 1212 dissimilis
1008 1149 1160 1212 alabastri·
1172 1170 1199 1212 no

158 1245 205 1297 tae
228 1255 296 1298 esse
321 1235 411 1297 debet
432 1244 481 1297 aut
500 1252 690 1296 marmoroso.
727 1236 757 1295 in
780 1234 864 1312 Syria
885 1236 1056 1297 durissimos
1072 1235 1108 1296 ad
1129 1234 1160 1295 id

157 1320 269 1399 eligunt
298 1329 462 1400 cocuntque
489 1339 552 1381 cum
577 1320 643 1381 fimo
667 1319 793 1398 bubulo,
820 1327 852 1380 ut
878 1320 1005 1382 celerius
1028 1328 1157 1381 urantur.

157 1407 282 1467 omnium
297 1414 392 1467 autem
409 1416 555 1487 optumum
573 1405 637 1466 lieri
659 1413 831 1485 conpertum
847 1415 925 1467 este
941 1405 1037 1486 lapide
1055 1423 1160 1484 specu·

115 1503 167 1558 183
178 1491 231 1552 lari
253 1509 435 1570 squamamve
451 1490 539 1552 talem
553 1489 689 1552 habente.
721 1487 821 1570 Gypso
835 1490 948 1552 madido
964 1493 1060 1551 statim
1075 1497 1159 1551 uten-

156 1577 222 1638 dum
238 1584 301 1655 est,
327 1577 461 1655 quoniam
475 1576 630 1636 celerrime
651 1575 728 1652 coit,
750 1583 845 1636 tamen
862 1595 962 1637 rursus
985 1575 1063 1636 tundi
1080 1583 1110 1635 et
1128 1574 1158 1634 in
1169 1589 1194 1631 ns

156 1662 277 1723 farinam
291 1660 403 1722 resolvi
422 1662 540 1740 patitur.
572 1678 641 1721 usus
657 1661 743 1740 gypsi
759 1660 788 1720 in
803 1659 939 1739 albariis,
955 1660 1060 1739 sigillis
1079 1658 1157 1720 aedi·

155 1746 286 1807 liciorum
303 1755 334 1806 et
348 1745 466 1807 coronis
484 1746 675 1824 gratissimus.
706 1742 878 1824 Exemplum
893 1744 1016 1806 inlustre
1036 1743 1068 1805 6.
1086 1743 1157 1805 Pro·

156 1830 280 1891 culeiurn
292 1830 418 1910 Augusti
437 1828 572 1891 Caesaris
587 1827 783 1890 familiaritate
799 1830 951 1890 subnixum
968 1832 998 1890 in
1015 1828 1156 1891 stomachi

154 1916 259 1976 dolore
275 1933 371 1995 gypso
387 1923 459 1995 poto
475 1915 656 1976 conscivisse
672 1914 728 1974 sibi
743 1923 875 1975 mortem.

114 2011 166 2068 184
239 1999 288 2061 25.
318 2001 402 2080 (60.)
427 1999 595 2060 Pavimenta
621 2000 765 2077 originem
794 1999 869 2080 apud
894 1997 1023 2061 Graecos
1047 1999 1189 2063 habentne

156 2086 307 2148 elaborata
327 2093 390 2146 arte
415 2086 546 2164 picturae
567 2085 682 2145 ratione
705 2084 799 2159 donec
820 2084 990 2147 lithostrota
1012 2085 1154 2164 expulere

156 2189 229 2232 eam.
266 2170 477 2231 celeberrimus
500 2170 553 2229 fuit
576 2172 605 2229 in
628 2169 684 2229 hoc
704 2188 816 2247 genere
834 2169 926 2230 Sosus
950 2171 998 2250 qui
1021 2169 1154 2248 Pergami

154 2257 257 2317 stravit
279 2273 364 2334 quem
385 2261 491 2316 vocant
512 2263 651 2315 asaroton
674 2272 787 2332 oecon,
810 2256 945 2335 quoniam
966 2263 1154 2334 purgamenta

153 2359 245 2402 cenae
266 2341 296 2401 in
317 2341 490 2419 pavimentis
507 2357 641 2418 quaeque
661 2341 759 2400 everri
783 2340 880 2401 solent
899 2339 981 2402 velut
995 2341 1098 2401 relicta
1112 2339 1154 2400 fe-

153 2434 235 2486 cerat
250 2428 348 2505 parvis
360 2445 377 2485 e
390 2423 521 2486 tessellis
537 2426 692 2504 tinctisque
708 2427 737 2484 in
749 2426 846 2486 varios
862 2424 989 2486 colores.
1013 2423 1186 2487 mirabilisau

153 2510 194 2572 ibi
210 2509 343 2571 columba
365 2509 470 2571 bibens
493 2515 523 2570 et
538 2527 640 2589 aquam
654 2509 755 2571 umbra
770 2512 873 2590 capitis
891 2511 1048 2572 infuscans.
1079 2509 1153 2590 apri·
1247 2559 1248 2564 ,

153 2604 253 2656 cantur
268 2593 343 2655 aliae
362 2594 517 2655 scabentes
532 2613 601 2656 sese
617 2597 646 2654 in
661 2593 790 2656 canthari
806 2595 900 2658 labro.
1247 2593 1248 2606 ¹

110 2691 160 2747 185
236 2679 318 2758 (61.)
337 2677 505 2739 Pavimenta
524 2679 613 2741 credo
641 2681 762 2758 primum
783 2679 858 2742 factu
880 2699 954 2759 quae
974 2699 1049 2741 nunc
1068 2697 1152 2741 voca·
1246 2677 1248 2724 t

152 2783 214 2825 mus
233 2763 386 2825 barbarica
401 2773 488 2844 atque
507 2765 733 2844 subtegulanea,
757 2766 787 2825 in
804 2764 888 2826 ltalia
908 2765 1029 2826 festucis
1045 2766 1150 2845 pavita.

151 2850 208 2911 hoo
229 2855 311 2910 certe
333 2868 371 2910 ex
387 2851 502 2910 nomine
521 2851 588 2928 ipso
603 2848 736 2928 intellegi
759 2860 867 2929 potest.
900 2850 1011 2912 Romae
1028 2849 1184 2912 scutula-ao

152 2944 211 2995 turn
225 2937 254 2995 in
271 2932 351 2995 Iovis
368 2932 524 3014 Capitolini
542 2934 615 2995 aede
630 2936 751 3014 primum
768 2934 934 2997 factumest
951 2942 1020 3014 post
1035 2936 1150 2996 tertium

151 3020 260 3081 bellum
289 3018 426 3080 Punicum
452 3021 566 3096 initum,
594 3020 777 3098 frequentata
803 3039 877 3082 vero
901 3023 1064 3099 pavimenta
1084 3028 1149 3080 ante

152 3102 325 3166 Cimbricum
352 3122 455 3182 magna
482 3105 576 3182 gratia
601 3107 759 3166 animorum
789 3106 895 3167 indicio
921 3114 967 3167 est
987 3104 1148 3166 Lucilianus

150 3189 336 3251 illeversus:

176 3274 268 3335 Arte
286 3275 487 3353 pavimenti
506 3273 1127 3354 atqucemblematevermiculato.
1156 3301 1181 3346 35

108 3370 159 3426 roo
233 3357 315 3439 (62.)
340 3356 488 3418 subdialia
507 3357 610 3420 Graeci
635 3361 776 3422 invenere
801 3361 906 3423 talibus
926 3359 1027 3422 domos
1048 3369 1148 3422 conte-

149 3453 256 3523 gentes
278 3442 364 3503 facile
388 3451 481 3504 tractu
506 3452 645 3524 tepente,
668 3445 721 3507 sed
740 3447 829 3508 fallax
851 3447 1025 3526 ubicumque
1039 3446 1147 3508 imbres

150 3528 258 3606 gelant.
294 3529 492 3589 necessarium
513 3531 596 3592 binas
616 3550 672 3611 per
689 3530 836 3593 diuersum
859 3535 1061 3594 coassationes
1083 3531 1148 3595 sub-
