2510 3898
273 235 353 283 aar.
375 236 466 285 rursu.
488 237 609 286 xxxva
626 235 745 290 11-14.
768 237 918 307 (10-07.)
1040 230 1098 292 137

93 392 181 454 tertia
203 408 272 470 pars
292 391 429 472 addatur,
451 393 556 454 melior
575 396 694 456 materia
720 396 787 456 erit.
819 396 856 457 111
871 396 1048 477 Appennino
1064 396 1098 458 ad

92 475 200 536 Padum
214 477 364 538 invenitur
380 477 518 556 fossicia,
536 497 592 540 nec
607 488 686 540 trans
700 481 796 540 maria.

156 594 241 673 (55.)
259 595 416 656 Ruinarum
432 596 513 658 urbis
530 615 565 658 ea
578 616 709 659 maxume
727 617 824 678 causa,
839 599 916 680 quod
928 599 1006 660 iurto
1022 599 1144 664 011176

93 680 134 740 cis
155 682 219 740 sine
236 679 378 741 ferumine
393 699 447 742 suo
466 690 615 743 caementa
630 692 842 764 conponuntur.
868 686 966 745 intrita
982 701 1099 764 quoque

72 783 126 826 sea
152 781 210 844 quo
223 769 225 774 '
236 766 380 826 vetustior
405 784 442 827 eo
459 767 573 828 melior.
606 769 635 827 in
654 770 837 848 antiquorum
853 769 966 830 aedium
982 768 1099 847 legibus

91 850 240 910 invenitur
252 869 290 910 ne
303 853 471 912 recentiore
484 854 567 912 trima
579 861 712 913 uteretur
727 852 904 934 redemptor.
923 853 991 915 ideo
1002 852 1099 913 nullae

91 934 218 995 tectoria
240 952 342 995 eorum
360 938 450 997 rimae
467 936 639 1000 foedauere.
677 935 864 1018 lectorium,
886 940 941 1002 nisi
958 937 1036 1019 quod
1053 946 1100 998 ter

57 1086 62 1094 ,
90 1019 233 1080 11101110
246 1023 331 1082 ethis
345 1030 519 1083 marmorato
531 1020 675 1082 inductum
686 1028 741 1098 est,
752 1039 901 1102 numquam
916 1027 985 1084 satis
1002 1023 1099 1104 splen-

91 1103 172 1165 doris
187 1103 285 1166 ha'bet.
323 1103 468 1184 uliginosa
489 1112 519 1163 et
540 1105 589 1164 ubi
605 1105 725 1184 salsugo
741 1107 825 1166 vitiat
839 1115 974 1168 testaceo
991 1107 1098 1169 sublini

60 1189 201 1249 routilius.
238 1187 272 1248 ln
289 1187 430 1250 Graeciae
452 1191 585 1250 tectoriis
607 1191 694 1249 etiarn
710 1189 877 1251 harenatum
901 1207 958 1266 quo
998 1191 1078 1252 indu·
1092 1200 1142 1258 177

90 1275 164 1335 cturi
181 1281 246 1334 sunt
262 1275 342 1352 prius
358 1276 388 1334 in
404 1276 544 1336 mortario
559 1273 666 1353 ligneis
684 1274 816 1336 vectibus
830 1276 976 1354 subigunt.
1010 1295 1099 1355 expe·

90 1360 245 1419 rimentum
266 1361 432 1419 marmorati
453 1368 499 1420 est
519 1361 548 1420 in
568 1358 732 1437 subigendo
756 1359 851 1420 donec
872 1369 953 1420 rutro
975 1377 1033 1421 non
1050 1377 1099 1420 co·

90 1443 230 1520 haereat,
250 1451 352 1504 contra
372 1445 402 1504 in
422 1443 535 1505 albario
555 1461 647 1524 opere
670 1452 702 1503 ut
718 1452 863 1505 macerata
881 1444 947 1505 calx
965 1463 1019 1504 ceu
1036 1443 1098 1521 glu-

91 1531 152 1589 tina
181 1527 310 1589 haereat.
352 1531 492 1591 macerari
519 1546 578 1589 non
607 1530 663 1588 nisi
685 1527 819 1607 glaebam
847 1537 974 1608 oportet.
1013 1527 1099 1588 Elide

59 1631 81 1672 11
90 1613 173 1674 aedis
190 1621 237 1673 est
251 1611 403 1675 llinervae
418 1615 447 1674 in
463 1631 519 1694 qua
534 1613 626 1674 irater
640 1612 760 1673 Phidiae
776 1612 928 1674 Panaenus
944 1614 1098 1674 tectorium

28 1730 33 1739 ·
89 1697 204 1758 induxit
226 1697 302 1758 lacte
327 1717 343 1758 e
372 1715 460 1759 croco
483 1699 649 1777 subactum,
678 1707 709 1758 ut
730 1697 845 1776 ierunt,
869 1698 955 1777 ideo,
978 1699 1002 1757 si
1022 1706 1097 1758 tera·

24 1776 29 1785 '
90 1793 138 1843 tur
158 1781 247 1844 hodie
272 1785 301 1842 in
323 1800 360 1843 eo
384 1783 475 1843 salira
497 1782 623 1863 pollice,
655 1783 775 1844 odorem
799 1785 879 1844 croci
902 1800 1098 1864 saporemque

89 1866 195 1928 reddit.

155 1977 238 2057 (56.)
261 1973 418 2038 Columnae
441 1975 563 2037 eaedem
578 1976 695 2038 densius
720 1979 835 2058 positae
853 1979 1017 2040 crassiores
1037 1977 1143 2043 11-178

57 2063 205 2124 nudentur.
240 2080 353 2141 genera
368 2080 466 2123 earum
484 2068 636 2142 quattuor:
653 2079 728 2140 quae
747 2070 859 2123 sextam
873 2071 986 2141 partem
1002 2060 1098 2122 altitu-

90 2147 167 2208 dinis
183 2149 213 2208 in
229 2147 424 2208 crassitudine
441 2147 496 2206 ima
512 2147 620 2207 habeut
636 2145 765 2208 Doricae
781 2154 939 2225 vocantur,
958 2164 1032 2227 quae
1048 2163 1099 2206 no·

89 2251 155 2293 uam
170 2231 306 2311 lonicae,
330 2250 404 2312 quae
427 2239 587 2312 septumam
602 2230 796 2308 Tuscanicae,
813 2229 973 2292 Corinthiis
996 2230 1099 2292 eadem

90 2319 167 2380 ratio
190 2335 265 2396 quae
286 2315 412 2394 Ionicis,
433 2324 464 2378 et
485 2315 667 2394 differentia,
694 2318 828 2396 quoniam
844 2315 977 2396 capitulis
996 2313 1099 2376 Corin·

89 2403 215 2464 thiarum
236 2402 337 2463 eadem
360 2410 407 2462 est
427 2400 548 2462 altitudo
563 2419 638 2483 quae
655 2400 805 2478 colligitur
820 2400 1013 2460 crassitudine
1032 2400 1099 2477 ima,

56 2488 221 2569 aeideoque
236 2487 410 2566 graciliores
433 2485 584 2564 videntur,
602 2484 710 2547 Ionicis
732 2485 808 2546 enim
826 2483 944 2563 capituli
975 2483 1098 2544 altitudo

90 2574 182 2636 tertia
199 2590 265 2653 pars
281 2580 327 2632 est
343 2571 553 2633 crassitudinis.
577 2571 692 2648 antiqua
710 2571 786 2632 ratio
802 2577 866 2630 erat
881 2568 1079 2629 columnarum
1089 2575 1143 2635 179

89 2657 251 2720 altitudinis
266 2658 353 2718 tertia
365 2675 432 2736 pars
444 2655 625 2717 latitudinum
637 2654 759 2716 delubri.
787 2656 815 2714 in
828 2653 977 2734 Ephesiae
988 2653 1098 2714 Dianae

89 2744 166 2805 aede
191 2760 266 2822 quae
293 2742 373 2821 prius
395 2741 448 2802 fuit
469 2741 591 2820 primum
619 2738 760 2801 columnis
785 2742 883 2819 spirae
911 2739 1045 2801 subditae
1069 2747 1099 2800 et

89 2826 219 2908 capitula
236 2826 347 2904 addita,
364 2826 531 2907 placuitque
551 2823 710 2885 altitudinis
730 2834 833 2886 001111
856 2843 923 2904 pars
949 2826 978 2884 in
995 2825 1100 2884 crassi·

54 2913 191 2974 aotudine
217 2921 247 2974 et
271 2921 302 2972 ut
327 2913 425 2992 spirae
452 2909 595 2971 haberent
613 2909 813 2971 crassitudinis
834 2908 979 2969 dimidium
999 2916 1099 2986 septu·

88 3015 213 3077 maeque
230 3005 329 3077 partes
341 2994 566 3057 detraherentur
578 3012 749 3055 summarum
759 2992 962 3059 crassitudine.
980 3000 1101 3073 praeter

89 3083 165 3146 haee
181 3093 248 3144 sunt
264 3100 338 3161 quae
356 3089 497 3142 vocantur
511 3079 627 3142 Atticae
645 3079 797 3141 columnae
809 3079 957 3158 quaternis
974 3077 1099 3155 augulis,
1151 3152 1154 3163 ἱ

89 3170 154 3248 pari
170 3168 294 3229 laterum
309 3165 475 3228 intervallo.

155 3277 206 3341 24.
228 3278 313 3358 (57.)
336 3275 432 3338 calcis
454 3285 485 3337 01
504 3277 533 3336 in
551 3274 694 3336 medicina
709 3291 830 3353 magnus
849 3291 928 3334 usus.
958 3239 1077 3350 eligitur
1091 3280 1144 3337 180

55 3385 79 3428 aa
90 3383 198 3428 recena
215 3381 271 3424 noc
285 3363 428 3444 adspersa
442 3363 537 3441 aquis,
551 3361 621 3438 urit,
637 3360 767 3438 discutit,
782 3357 910 3420 extrahit
921 3357 1100 3436 incipientis·

91 3470 150 3532 que
160 3467 286 3529 serpere
297 3448 429 3510 ulcerum
439 3448 565 3526 impetus
577 3454 707 3508 coercet.
731 3452 816 3506 aceto
832 3452 863 3504 et
874 3459 999 3504 rosaceo
1011 3443 1100 3501 mixta

1 3529 2 3534 ’
90 3546 180 3617 atque
201 3534 303 3616 inlita,
320 3553 390 3596 mox
404 3551 474 3594 cera
491 3540 579 3610 atque
594 3548 719 3594 rosaceo
739 3536 899 3610 temperata
914 3526 1047 3607 perducit
1065 3522 1100 3584 ad
