2510 3898
161 219 219 280 142
506 226 536 277 G.
552 226 649 277 PLINI
664 224 813 276 SECUNDI

158 385 346 462 luserunt,
374 383 439 445 bac
461 383 580 444 iuuari
606 383 771 462 potione.
808 383 876 460 quin
899 390 929 441 et
950 383 1157 444 carbunculum

115 490 148 532 a,
167 488 282 548 egenus
303 469 415 545 morbi,
438 485 495 546 quo
513 466 585 528 duos
609 465 770 528 consularis
785 484 878 544 nuper
895 466 1064 548 absumptos
1083 469 1157 530 indi·
1182 465 1184 468 ’

157 556 302 632 cadmus,
327 571 473 633 querneus
490 551 579 613 carbo
605 552 690 612 tritus
711 568 774 610 cum
798 549 886 612 melle
906 561 996 614 sanat.
1035 553 1109 614 adeo
1125 555 1157 614 in

156 639 245 700 rebus
262 639 400 698 damnatis
417 653 534 714 quoque
557 655 590 696 ac
613 645 669 696 tam
683 634 768 696 nullis
792 643 857 696 sunt
875 635 970 714 aliqua
993 639 1154 716 commoda,
1240 715 1247 720 η

156 732 187 784 ut
201 723 328 783 carbone
345 739 416 782 ecoe
429 729 516 800 atque
531 721 641 781 cinere.
1049 755 1054 760 -
1168 721 1182 758 ὃ

114 817 166 871 204
240 807 321 886 (70.)
341 803 406 866 Non
426 805 596 883 praeteribo
616 813 646 865 et
662 820 745 863 unum
761 803 819 864 ioci
836 805 1000 884 exemplum
1014 805 1152 868 Romanis

155 891 262 952 litteris
282 891 405 952 clarum:
427 887 583 969 Tarquinio
604 887 706 950 Prisco
726 897 868 966 regnante
893 889 1007 952 tradunt
1027 898 1152 970 repente

157 979 186 1037 in
206 976 274 1036 ioco
296 976 359 1036 eius
382 973 572 1051 conparuisse
593 971 722 1051 genitale
744 990 763 1032 e
784 973 884 1034 cinere
910 973 1028 1035 masculi
1063 993 1152 1037 sexus

158 1077 278 1138 eamque
295 1075 369 1139 quae
385 1056 534 1119 insederat
544 1058 585 1118 ibi
597 1054 762 1135 Tanaquilis
779 1058 901 1134 reginae
916 1057 1047 1118 ancillam
1062 1057 1154 1120 Ocre-

158 1147 230 1204 siam
247 1145 390 1223 captivam
406 1143 629 1204 consurrexisse
644 1140 799 1219 gravidam.
830 1143 869 1202 ita
885 1140 1018 1204 Servium
1030 1141 1154 1212 Tullium
1165 1143 1192 1186 ¹⁰

157 1237 253 1289 natum
268 1229 315 1306 qui
332 1243 425 1305 regno
444 1228 606 1304 successit,
623 1225 691 1287 inde
705 1233 736 1285 et
751 1227 780 1286 in
791 1226 874 1303 regia
890 1227 1005 1288 cubanti
1022 1229 1049 1288 ei
1062 1245 1154 1308 puero

159 1321 245 1391 caput
263 1314 372 1373 arsisse
388 1309 586 1390 creditumque
602 1310 671 1372 laris
688 1309 838 1371 familiaris
854 1310 951 1373 filiurn.
977 1312 1013 1372 ob
1030 1312 1058 1372 id
1072 1309 1155 1372 Gom-

157 1396 256 1476 pitalia
274 1393 356 1457 ludos
375 1394 486 1456 laribus
503 1396 623 1474 primum
638 1395 809 1456 instituisse.

537 1703 738 1716 —a-o-q—-n--n—

413 1957 448 2040 G.
474 1955 605 2040 ruint
632 1954 834 2040 ddeNbd

272 2125 621 2222 titubatis
657 2126 1004 2226 utsttttttu

452 2307 614 2376 araur
640 2307 823 2375 xxxvn.

561 2467 711 2476 ..μ-..σ-

130 2592 144 2642 1
222 2580 378 2666 (Secti.)
402 2582 441 2643 Ut
463 2585 534 2646 nibil
552 2587 684 2647 instituto
703 2585 787 2664 operi
810 2584 885 2646 desit
906 2603 1037 2664 gemmae
1055 2604 1156 2665 super-

158 2672 224 2724 sunt
236 2673 266 2724 et
281 2666 309 2724 in
325 2675 417 2728 artum
433 2677 535 2730 coacta
546 2688 643 2731 rerum
656 2675 776 2731 naturae
791 2671 945 2749 maiestas,
965 2670 1061 2732 moltis
1079 2671 1156 2732 nulla

157 2749 201 2811 sui
224 2757 307 2826 parte
328 2751 499 2814 mirabilior.
537 2761 644 2815 tantum
665 2754 793 2815 tribuunt
814 2756 965 2834 varietati,
995 2755 1156 2832 coloribus,

156 2834 313 2912 materiae,
329 2835 448 2915 decori,
472 2837 575 2899 uiolari
601 2839 686 2900 etiam
703 2839 812 2917 signis,
837 2857 911 2918 quae
928 2858 1015 2901 causa
1031 2841 1195 2918 gemma-⁸⁰

157 2934 219 2976 rum
235 2925 298 2996 est,
314 2920 450 2998 quasdam
465 2921 547 2983 nefas
566 2921 727 3000 ducentes,
748 2923 857 3002 aliquas
872 2941 945 2986 vero
962 2933 1044 2986 extra
1060 2927 1155 3004 pretia

157 3000 216 3062 nlla
231 3006 466 3085 taxationemque
483 3006 665 3069 humanarum
687 3025 773 3087 onom
791 3008 984 3087 arbitrantes,
1004 3018 1035 3070 ut
1051 3009 1155 3089 pleris·
1181 3065 1187 3074 .

157 3101 214 3163 que
235 3086 269 3146 ad
291 3105 426 3150 summam
447 3090 666 3171 absolutamque
688 3100 807 3154 naturae
823 3111 919 3154 rerum
935 3093 1156 3173 contemplatio·

128 3178 224 3230 auem
249 3173 320 3233 satis
342 3175 381 3233 sit
407 3192 463 3254 una
489 3174 584 3255 aliqua
604 3195 726 3255 gemma.
763 3174 845 3250 Quae
869 3178 959 3239 inerit
983 3180 1068 3256 origo
1092 3186 1156 3238 eta

117 3273 177 3314 aas
201 3254 304 3334 quibus
322 3259 412 3320 initiis
426 3259 456 3320 in
473 3267 579 3321 tantum
596 3260 744 3323 admiratio
760 3261 833 3323 baec
849 3264 1011 3341 exarserit,
1032 3263 1156 3322 diximus
1166 3261 1195 3304 ⁸⁵

158 3339 364 3417 quadamtenus
386 3344 417 3404 in
441 3344 589 3406 mentione
612 3348 674 3407 auri
698 3346 913 3427 anulorumque.
956 3347 1071 3408 fabulae
1097 3347 1157 3426 pri-

158 3425 298 3485 mordium
311 3442 327 3485 a
343 3441 415 3504 rupe
431 3424 578 3490 Caucasea
594 3430 719 3506 tradunt,
731 3430 899 3494 Promethei
914 3431 1092 3493 vinculorum
1113 3432 1157 3492 in·

159 3511 374 3590 terpretatione
396 3511 493 3589 fatali,
517 3513 696 3593 primumque
721 3517 782 3576 sari
808 3517 871 3578 eius
902 3517 1094 3596 fragmentum
1113 3516 1156 3576 in-
