2510 3898
310 251 391 299 nnn.
414 250 506 297 rursu.
529 249 664 297 xxxvu.
683 247 707 298 a.
731 238 867 319 (7—1r.t
1038 241 1096 300 147

95 405 174 467 idem
185 403 370 467 Xenocrates
383 405 480 481 tradit,
493 405 673 466 torrentibus
686 423 776 485 saepe
789 407 949 485 deportari.
972 405 1097 469 Sudines

96 497 186 568 negat
198 491 253 550 uisi
269 489 304 550 ad
315 489 465 550 meridiem
477 488 677 568 spectantibus
692 489 767 550 locis
781 492 877 568 nasci,
893 489 970 569 quod
986 501 1097 553 certum

97 583 152 636 est.
189 590 247 635 uon
269 577 418 653 reperitur
434 575 464 634 in
479 574 598 652 aquosis
622 572 713 651 locis,
738 591 906 653 quamquam
927 577 956 634 in
973 578 1097 654 regione

97 658 286 739 praegelida,
303 657 350 718 vel
360 658 384 718 si
400 656 435 717 ad
445 657 516 718 vada
529 675 620 737 usque
635 658 798 736 glacientur
809 677 915 720 amnes.
943 657 1093 721 ecaelesti
1105 670 1140 726 26
1236 665 1238 690 ¹

73 759 198 804 sumone
223 759 351 822 puraque
372 743 440 802 nive
462 742 490 803 id
514 741 578 802 lieri
594 760 718 804 necesse
735 752 798 820 est,
812 743 881 804 ideo
896 742 1003 804 caloris
1018 747 1099 824 iopa-
1238 765 1239 770 ¹

95 829 173 888 tiens
189 829 282 886 nisiin
293 826 401 902 frigido
411 835 481 901 potu
495 827 650 888 abdicatur.
674 844 764 906 quare
780 836 914 888 nascatur
929 829 1097 907 sexangulis

94 910 255 988 lateribus,
270 927 328 970 uon
343 908 429 970 facile
444 911 519 969 ratio
534 911 600 969 iniri
616 918 733 990 potest,
750 929 787 973 eo
799 914 891 990 magis
907 911 984 992 quod
999 930 1096 992 neque

1 1019 2 1076 q
93 997 123 1056 io
150 995 336 1056 mucronibus
360 993 462 1053 eadem
481 995 599 1073 species
622 1004 668 1056 est
692 999 781 1057 etita
802 996 953 1058 absolutus
976 997 1097 1059 laterum

1 1093 2 1138 1
95 1080 182 1140 levor
196 1087 243 1140 est
259 1087 289 1138 ut
305 1077 382 1138 nulla
398 1078 426 1137 id
443 1087 505 1138 arte
523 1079 619 1157 possit
631 1083 760 1159 aequari.

1 1197 2 1200 κ
60 1187 84 1229 ιο
159 1163 242 1244 (10.)
259 1161 427 1240 Magnitudo
447 1162 621 1241 amplissima
639 1164 730 1224 adhuc
745 1168 806 1226 uisa
827 1166 912 1227 nobis
932 1175 994 1227 erat
1009 1175 1138 1245 quamrt

94 1251 123 1309 io
149 1246 295 1327 Capitolio
309 1246 390 1307 Livia
406 1245 538 1325 Augusta
558 1247 721 1328 dicaverat,
745 1249 881 1311 librarum
902 1252 1021 1310 circiter
1036 1247 1094 1311 GL.

93 1331 280 1394 Xenocrates
302 1331 379 1392 idem
400 1340 503 1392 auctor
524 1339 570 1392 est
592 1349 642 1392 vas
664 1332 830 1413 amphorale
858 1336 967 1411 visum,
994 1343 1024 1394 et
1045 1332 1128 1393 alias

94 1419 143 1496 qui
166 1435 205 1477 ex
227 1416 307 1477 ludia
326 1417 521 1477 sextariorum
543 1425 688 1494 quattuor.
729 1435 783 1478 nos
809 1418 917 1496 liquido
944 1418 1095 1478 adfirmare

93 1519 249 1581 possumus
266 1501 441 1562 ineuntibus
457 1499 573 1579 Alpium
590 1502 670 1561 nasci
685 1501 759 1562 adeo
774 1503 859 1563 inviis
873 1502 1045 1581 plerumque
1064 1510 1095 1560 ut

60 1587 162 1650 ieiune
183 1585 345 1664 pendentes
367 1603 429 1647 eam
449 1584 610 1646 extrahant.
641 1588 744 1664 peritis
760 1588 843 1665 signa
862 1597 891 1647 et
907 1586 1011 1647 indicia
1027 1595 1095 1646 nota

92 1678 169 1732 sunt.
201 1671 376 1732 infestantur
389 1669 527 1747 plurumis
543 1671 634 1748 vitiis,
649 1671 754 1732 scabro
773 1673 927 1749 ferumine,
945 1670 1091 1731 maculosa
1103 1681 1137 1735 28

92 1755 189 1834 nube,
205 1753 317 1815 occulta
333 1752 486 1832 aliquando
503 1756 633 1830 vomica,
651 1755 796 1833 praeduro
815 1756 972 1835 fragilique
990 1764 1093 1816 centro

91 1840 163 1900 item
186 1837 247 1899 sale
266 1838 424 1918 appellato.
455 1847 501 1898 est
517 1846 547 1899 et
563 1840 625 1900 ruia
648 1839 734 1900 alicui
751 1841 873 1919 robigo,
896 1841 961 1902 aliis
978 1839 1095 1921 capilla-

91 1931 219 1985 mentum
231 1923 318 1984 rimae
334 1922 437 1984 simile.
464 1922 521 1983 hoc
530 1923 657 1984 artifices
675 1925 821 1986 caelatura
838 1925 992 1986 occultant.
1019 1942 1093 2004 quae

60 2022 166 2070 aovcro
183 2009 247 2068 sine
264 2009 335 2068 vitio
352 2010 409 2068 sint
425 2025 513 2086 puras
529 2027 596 2068 esse
611 2009 735 2087 malunt,
751 2019 884 2071 acenteta
899 2008 1093 2090 appellantes,

92 2111 148 2154 nec
166 2096 278 2171 spumei
298 2091 407 2153 coloris
423 2091 475 2153 sed
493 2091 627 2171 limpidae
645 2111 746 2172 aquae.
773 2103 921 2174 postrema
934 2095 1093 2155 auctoritas

91 2179 120 2237 in
151 2175 283 2256 pondere
311 2184 366 2237 est.
406 2177 523 2237 invenio
554 2177 629 2255 apud
652 2178 781 2240 medicos
807 2197 881 2258 quae
905 2181 964 2239 sint
984 2176 1094 2238 urenda

91 2278 249 2341 corporum
272 2278 330 2321 nou
350 2260 436 2321 aliter
460 2261 558 2320 utilius
583 2263 626 2321 uri
647 2265 739 2340 putari
755 2281 838 2341 qnam
854 2262 1019 2340 crystallina
1035 2261 1093 2341 pila

91 2346 224 2407 adversis
242 2347 377 2424 opposita
400 2345 472 2404 solis
488 2344 585 2407 radiis.
613 2347 687 2407 alius
703 2355 733 2408 et
750 2349 779 2407 in
795 2346 839 2406 his
855 2347 955 2425 furor,
975 2355 1090 2407 centum
1101 2356 1135 2411 29

61 2430 297 2510 mquinquaginta
319 2429 433 2490 milibus
464 2429 577 2490 trullam
599 2449 682 2491 unam
702 2449 760 2492 non
781 2439 848 2492 ante
873 2430 978 2492 multos
1000 2446 1090 2490 annos

89 2523 219 2576 mercata
233 2522 324 2575 matre
345 2514 466 2574 familias
487 2532 542 2575 nec
562 2513 661 2576 divite.
699 2513 780 2576 Nero
807 2517 973 2576 amissarum
995 2532 1091 2576 rerum

90 2601 191 2660 nuntio
204 2607 326 2678 accepto
342 2598 415 2659 duos
431 2597 539 2660 calices
554 2599 739 2676 crystallinos
750 2601 780 2659 iu
795 2618 930 2679 suprema
945 2601 988 2659 ira
1002 2599 1092 2676 fregit

89 2684 203 2745 inlisas.
231 2683 305 2744 haec
317 2684 372 2744 luit
387 2700 521 2762 suprema
535 2683 608 2743 ultio
620 2683 766 2744 saeculum
782 2703 864 2745 suum
875 2685 1039 2764 punientis,
1054 2702 1092 2743 nc

90 2770 156 2848 quis
172 2767 246 2828 alius
263 2768 298 2828 iis
314 2768 440 2829 biberet.
477 2768 638 2845 fragmenta
654 2770 756 2829 sarciri
771 2769 851 2829 nullo
868 2768 954 2829 modo
972 2776 1091 2847 queunt.

61 2855 162 2914 amite
173 2852 218 2913 bis
238 2851 273 2912 nd
288 2851 501 2913 similitudinem
516 2869 672 2914 accessere
685 2855 794 2931 vitrea,
812 2854 863 2915 sed
879 2852 994 2932 prodigi
1004 2851 1091 2912 modo

15 2943 16 2970 ³
89 2947 120 2998 ut
136 2955 218 2998 suum
234 2938 359 3015 pretium
373 2938 507 2996 auxerint
521 2937 669 3015 crystalli,
689 2954 747 2999 non
763 2937 964 2999 deminuerint.

152 3021 235 3102 (11.)
250 3019 424 3081 Proxumum
439 3020 534 3082 locum
547 3023 577 3081 in
592 3021 724 3100 deliciis,
745 3024 914 3084 feminarum
929 3030 1023 3082 tamen
1040 3021 1087 3082 ad·
1099 3033 1134 3087 30

89 3106 144 3168 buc
159 3113 285 3183 tantum,
306 3106 406 3166 sucina
424 3106 573 3184 optinent,
599 3106 778 3185 eandemque
800 3109 894 3167 omnia
914 3106 986 3167 baec
1007 3124 1090 3185 quam

89 3208 221 3269 gemmae
248 3192 468 3267 auctoritatem,
496 3208 565 3250 sane
591 3193 691 3272 priora
717 3190 767 3251 illa
792 3190 896 3269 aliquis
923 3190 1089 3267 decausis,

60 3274 257 3353 mcrystallina
293 3273 401 3352 frigido
439 3283 527 3352 potu,
559 3275 703 3352 myrrhina
737 3285 871 3355 utroque.
918 3277 948 3334 in
980 3276 1088 3336 sucinis

90 3377 264 3422 causamme
299 3359 422 3421 deliciae
451 3358 565 3438 quidem
598 3358 689 3420 adbuc
721 3363 891 3438 excogitare
922 3366 1088 3438 potuerunt.

91 3447 207 3507 occasio
224 3453 271 3506 est
285 3445 421 3505 vanitatis
437 3440 613 3504 Graecorum
628 3443 818 3522 detegendae.
851 3444 986 3521 legentes
1002 3443 1088 3503 modo
1098 3452 1130 3505 31

90 3547 183 3610 aequo
195 3530 399 3608 perpetiantur
409 3529 515 3605 auimo,
528 3545 590 3588 cum
599 3528 656 3589 boc
668 3546 784 3608 quoque
797 3529 1000 3672 inlesssslfllle
1012 3527 1088 3586 scire

1029 3831 1033 3842 ·
1073 3815 1120 3855 ..,‚-'
