2510 3898
160 205 202 270 tt
509 215 539 265 c.
560 216 656 264 unum
671 214 824 264 sncuxnr

117 397 152 439 n.
166 397 200 430 ru
216 374 293 436 tallis
312 373 445 435 diximus.
476 370 531 434 fuit
552 381 582 434 et
599 381 678 434 terra
695 390 751 452 per
767 390 800 432 se
815 368 844 430 in
861 368 1007 431 Theodoti
1019 370 1109 434 fundo
1126 373 1176 433 in·

159 468 247 520 venta
268 457 410 537 Zmyrnae
433 475 489 536 qua
508 465 628 518 veteres
649 457 684 518 ad
706 459 820 517 navium
847 457 975 534 picturas
998 455 1172 518 utebantur.

159 563 234 606 nunc
257 544 349 605 omnis
369 561 407 603 ex
422 541 540 621 plumbo
556 550 587 603 et
605 551 690 602 aceto
707 542 785 602 litut
801 540 934 601 diximus.

116 641 151 696 38
226 627 306 709 (20.)
325 626 398 687 Usta
414 645 484 687 casu
504 635 625 706 reperta
641 634 687 687 est
706 628 737 686 in
756 624 893 686 incendio
909 624 1023 686 Piraeei
1045 643 1173 687 cerussa

127 736 150 771 rr
162 715 191 773 in
213 714 291 774 orcis
312 721 447 774 cremata.
481 710 535 772 bac
556 713 677 790 primum
694 729 763 772 usus
784 717 830 770 est
845 708 944 770 Nicias
960 728 1047 789 supra
1062 710 1199 774 dictusa

160 807 277 877 optuma
293 815 368 858 nnnc
382 795 514 858 Asiatica
531 795 675 873 babetur,
691 813 765 874 quae
784 803 815 856 et
829 812 976 874 purpurea
992 794 1171 874 appellatur.

159 884 284 962 pretinm
299 883 361 942 eius
378 883 408 941 in
423 880 512 941 libras
534 879 562 941 X
582 895 627 942 vr.
660 881 691 941 lit
706 889 736 941 et
751 878 863 940 Romae
878 887 1007 941 cremato
1024 880 1079 942 sile
1093 898 1173 940 mar·

158 984 279 1028 moroso
296 975 326 1027 et
342 967 485 1027 restincto
502 974 595 1026 aceto.
639 967 703 1026 sine
722 972 786 1026 usta
801 981 860 1024 non
876 964 947 1024 fiunt
962 964 1090 1026 umbrae.

219 1051 294 1128 (21.)
313 1049 430 1112 Eretria
443 1058 541 1110 terrae
558 1068 629 1111 suae
646 1049 737 1111 babet
754 1067 869 1110 nomen.
903 1048 958 1110 bac
972 1048 1170 1111 Nicomachus

159 1145 189 1198 et
209 1135 379 1196 Parrhasius
402 1136 456 1196 nsi.
499 1135 673 1212 refrigerat,
697 1134 825 1212 emollit,
855 1133 957 1213 explet
973 1133 1111 1211 volnera,
1141 1136 1171 1194 si
1183 1155 1212 1196 ao

159 1229 318 1301 coquatur,
341 1220 376 1281 ad
392 1219 526 1280 siccanda
547 1219 644 1297 utilis,
665 1221 822 1299 praecipua
844 1228 875 1280 et
890 1220 994 1298 capitis
1011 1219 1169 1281 doloribus

158 1314 188 1366 et
204 1305 239 1366 ad
259 1304 504 1384 deprehendenda
520 1322 600 1383 pura.
638 1305 763 1366 subesse
779 1305 855 1364 enim
872 1322 907 1365 ea
924 1303 1117 1383 intellegunt,
1140 1307 1170 1366 si

158 1410 196 1453 ex
212 1407 285 1469 aqua
300 1390 382 1451 inlita
395 1409 453 1452 non
472 1398 594 1450 arescat.

115 1487 150 1542 39
220 1475 304 1555 (22.)
325 1475 515 1537 sandaracam
530 1483 560 1535 et
577 1474 693 1536 cebram
707 1473 779 1534 Iuba
792 1474 910 1536 tradidit
923 1473 1059 1535 ininsula
1072 1473 1169 1534 Rubri

157 1561 245 1624 maris
261 1560 381 1640 Topazo
397 1562 494 1636 nasci,
510 1559 563 1620 sed
578 1559 645 1621 inde
660 1577 719 1620 non
733 1559 934 1638 pervehuntur
949 1559 984 1619 ad
999 1575 1064 1620 nos.
1094 1557 1169 1620 San·
1180 1579 1207 1622 ra

115 1663 150 1708 u,
166 1664 198 1701 m
213 1645 315 1706 daraea
334 1640 479 1724 quomodo
501 1645 587 1706 fieret
605 1644 737 1705 diximus.
776 1644 807 1704 frt
824 1643 986 1704 adulterina
1006 1651 1036 1704 et
1057 1662 1096 1704 ex
1118 1662 1168 1705 ce-

157 1747 241 1790 russo
255 1731 285 1790 in
300 1731 420 1791 fornace
437 1737 530 1790 cocta.
562 1729 646 1790 color
659 1747 728 1790 esse
744 1728 834 1790 debet
849 1727 1007 1789 flammeus.
1039 1731 1168 1808 pretium

158 1815 187 1873 in
203 1813 294 1875 libras
309 1831 392 1876 asses
408 1815 495 1893 quini.

113 1907 149 1963 lo
222 1897 301 1977 (23.)
322 1896 437 1960 Haecsi
452 1906 599 1960 torreatur
610 1916 704 1977 aequa
718 1907 800 1978 parte
815 1898 931 1959 rubrica
943 1898 1085 1975 admixta,
1100 1916 1167 1958 san-

157 1983 259 2060 dycem
275 1984 361 2059 lacit,
382 2001 550 2062 quamquam
574 1983 773 2044 animadverto
786 1982 951 2061 Vergilium
977 1984 1202 2047 existimassem

156 2066 276 2128 herbam
291 2067 319 2127 id
336 2087 404 2128 esse
421 2067 473 2128 illo
490 2086 595 2128 versu:

199 2151 340 2230 Sponte
363 2171 429 2214 sua
447 2152 801 2232 sandpxpascentis
819 2155 968 2214 vestiat
989 2169 1118 2230 agnos.

156 2239 282 2316 pretium
300 2238 330 2298 in
352 2237 442 2299 libras
462 2237 607 2298 dimidium
626 2240 689 2299 eius
705 2238 783 2317 quod
805 2238 989 2300 sandaracae.
1022 2255 1078 2298 nec
1096 2247 1165 2298 sunt

156 2321 204 2382 alii
221 2321 277 2382 duc
294 2322 413 2383 colores
429 2323 546 2383 maioris
564 2323 712 2401 ponderis.
948 2335 951 2343 “

218 2407 301 2486 (24.)
322 2407 403 2469 Inter
417 2409 550 2469 facticios
568 2417 614 2468 est
629 2416 660 2468 et
676 2407 827 2485 Syricum,
849 2426 908 2487 quo
922 2410 1038 2468 minium
1054 2408 1163 2470 sublini
1174 2428 1201 2470 aa

112 2512 145 2553 u,
160 2511 193 2548 oo
210 2491 342 2554 diximus.
373 2493 404 2552 fit
420 2502 516 2554 autem
532 2492 673 2572 Sinopide
689 2501 720 2553 et
734 2493 862 2571 sandyce
881 2495 987 2555 mixtis.

112 2588 143 2640 41
221 2575 301 2658 (25.)
320 2576 520 2638 Atramentum
535 2595 651 2657 quoque
666 2579 744 2638 inter
758 2579 895 2640 facticios
909 2581 977 2658 erit,
994 2596 1163 2658 quamquam

155 2669 201 2720 est
224 2669 254 2721 et
277 2671 374 2722 terrae
392 2663 526 2739 geminae
545 2663 675 2740 originis.
719 2673 767 2723 ant
789 2664 866 2725 enim
891 2663 1048 2742 salsuginis
1073 2663 1162 2724 modo

156 2754 269 2806 emanat
278 2788 287 2822 ,
306 2754 354 2806 aut
371 2754 450 2806 terra
467 2748 531 2825 ipsa
547 2747 677 2825 sulpurei
692 2747 802 2809 coloris
818 2749 854 2810 ad
868 2747 925 2810 hoc
940 2748 1088 2828 probatur.
1117 2750 1160 2808 in-

154 2831 234 2891 venti
259 2838 325 2891 sunt
346 2831 477 2910 pictores
502 2833 563 2911 qui
579 2832 723 2895 carbones
745 2834 872 2894 infectos
898 2832 1061 2912 seprdcbris
1087 2832 1199 2900 ello-so

155 2914 235 2976 dere.
269 2917 423 2995 inportuna
443 2916 516 2977 baec
541 2918 635 2977 omnia
656 2936 689 2979 ac
706 2919 830 2979 novicia.
874 2920 905 2979 lrt
921 2919 997 2979 enim
1013 2936 1029 2978 a
1046 2916 1161 2996 fulgine

155 2999 286 3077 pluribus
302 3001 395 3062 modis
411 3003 509 3064 resina
528 3002 577 3062 vel
594 3004 659 3082 pice
675 3004 804 3082 exustis,
823 3012 948 3083 propter
968 3002 1048 3086 quod
1070 3003 1162 3064 oflici-

154 3101 205 3144 nas
225 3086 312 3146 etiam
327 3085 520 3148 aedificavere
541 3088 648 3150 fumum
665 3106 729 3150 enm
748 3107 807 3149 non
823 3089 991 3150 emittentis.
1024 3087 1161 3149 laudatis·

155 3169 225 3229 sima
248 3169 352 3230 eodem
373 3171 460 3232 modo
483 3173 516 3232 frt
535 3191 553 3232 e
575 3172 679 3235 taedis.
727 3172 906 3234 adulteratur
926 3174 1087 3234 fornacium
1109 3173 1159 3234 ba·

153 3253 357 3333 linearumque
375 3254 505 3334 fulgine,
538 3275 596 3336 quo
622 3258 657 3319 ad
682 3257 827 3320 volumina
850 3259 1003 3321 scribenda
1028 3267 1195 3321 utunturas

109 3345 145 3400 42
156 3336 227 3398 Sunt
249 3341 297 3418 qni
320 3348 350 3400 et
371 3341 430 3400 vici
445 3341 557 3402 faecem
579 3344 715 3405 siccatam
733 3353 914 3423 excoquant,
935 3343 1157 3424 adfirmentque,

153 3424 178 3483 si
202 3441 241 3484 ex
260 3424 340 3484 bono
360 3425 428 3484 vino
444 3426 519 3486 lacta
536 3427 641 3504 fuerit,
663 3427 753 3489 Indici
778 3430 909 3508 speciem
923 3428 953 3489 id
967 3437 1158 3490 atramentum

151 3508 306 3588 praebere.
338 3507 521 3588 Polygnotus
547 3520 577 3573 et
595 3511 692 3574 blicon
713 3513 899 3574 celeberrimi
920 3516 1050 3593 pictores
1065 3511 1158 3576 Athe·
