2510 3898
163 225 222 288 132
507 237 646 286 comm
663 236 814 287 saeuum

161 395 378 456 haematitarum
397 395 482 456 tradit
503 401 622 474 praeter
642 403 820 473 magnetem:
845 394 1034 474 principatum
1056 394 1103 455 dat
1126 413 1168 456 ex

162 481 198 539 ils
213 477 391 558 Aethiopico
409 479 558 540 oculorum
572 479 787 540 medicamentis
806 479 961 540 utilissimo
984 487 1014 538 et
1036 480 1072 538 iis
1088 497 1167 558 quae

162 563 336 642 panchresta
359 563 505 643 appellat,
528 565 597 623 item
620 564 769 624 ambustis.
804 563 927 624 alterum
942 562 1167 624 androdamanta

162 648 231 708 dicit
253 649 368 725 vocari,
395 647 498 709 colore
518 649 647 726 nigrum,
673 647 805 727 pondere
825 666 859 709 ac
883 647 987 708 duritia
1010 648 1166 725 insignem,

163 741 194 792 et
213 732 281 793 inde
303 750 408 793 nomen
437 733 561 793 traxisse
586 734 804 812 praecipueque
823 733 852 792 in
875 730 976 792 Africa
1002 741 1191 811 repertum,a

122 825 170 881 147
184 816 300 877 trahere
317 825 413 878 autem
424 817 453 877 in
465 836 498 877 se
513 825 663 896 argeutum
672 860 681 895 ,
698 835 768 894 aes,
783 817 899 878 ferrum.
933 818 1167 896 experimentum

163 903 226 961 eius
251 920 319 962 esse
341 903 371 962 in
392 911 458 962 cote
480 921 518 963 ex
542 901 639 981 lapide
654 902 804 979 basanite,
827 900 952 963 reddere
974 902 1050 962 enim
1066 919 1168 961 sucum

164 986 352 1063 sanguineum
368 995 398 1047 et
414 1005 482 1048 esse
497 985 532 1046 ad
547 987 686 1047 iocineris
701 987 770 1045 vitia
786 986 934 1064 praecipui
953 985 1071 1046 remedi.
1107 994 1168 1046 ter-

164 1071 233 1129 tium
246 1087 340 1147 genus
356 1069 476 1131 Arabici
491 1071 579 1149 iacit,
599 1071 684 1131 simili
702 1071 821 1148 duritia,
837 1073 887 1130 vix
901 1069 1050 1130 reddentis
1066 1087 1168 1130 sucum

143 1221 145 1226 ,
163 1153 197 1214 ad
213 1163 308 1214 cotem
324 1157 488 1234 aquariam,
504 1155 656 1233 aliquando
672 1172 760 1216 eroco
774 1154 909 1216 similem.
933 1155 1026 1234 quarti
1044 1154 1167 1231 generis
1178 1175 1204 1215 10

163 1237 313 1316 hepatiten
336 1241 435 1300 vocari
460 1239 593 1318 quamdiu
609 1240 713 1300 crudus
730 1241 784 1316 sit,
807 1247 921 1300 coctum
939 1255 1010 1298 vero
1029 1237 1167 1316 miltiten,

164 1323 264 1383 utilem
279 1323 436 1402 ambus-tis,
457 1324 492 1384 ad
509 1326 602 1384 omnia
619 1324 765 1386 utiliorem
780 1324 912 1400 rubrica,
934 1323 1025 1401 quinti
1044 1323 1166 1399 generis

124 1417 173 1472 118
186 1406 328 1486 schiston,
339 1407 577 1469 haemorrhoidas
593 1411 801 1488 reprimentem
815 1409 845 1469 11
857 1416 938 1486 potu.
962 1407 1053 1467 omnis
1070 1405 1168 1467 autem

164 1490 332 1553 haematitas
345 1495 430 1554 tritos
446 1495 475 1553 11
492 1493 560 1554 1111
574 1495 657 1554 trium
668 1492 864 1554 drachmarum
880 1491 1012 1570 pondere
1026 1510 1042 1551 a
1059 1491 1166 1551 ieiunis

164 1575 308 1636 bibendos
319 1579 354 1642 ad
365 1583 434 1640 vitia
448 1581 604 1658 sanguinis.
632 1577 711 1637 ldem
726 1580 857 1640 schiston
869 1574 1027 1637 etalterius
1045 1576 1167 1654 generis
1179 1593 1205 1634 rs

166 1677 248 1736 quam
271 1660 446 1722 haematiten
469 1659 571 1738 tradit,
594 1678 679 1739 quem
709 1670 796 1723 vocat
819 1659 1007 1721 anthraciten.
1042 1663 1122 1721 nasci
1137 1661 1168 1740 in
1222 1674 1230 1678 ·

166 1743 266 1803 hirica
280 1746 410 1822 nigrum,
426 1745 553 1805 attritum
569 1746 695 1824 aquariis
710 1744 825 1806 cotibus
843 1744 968 1806 reddere
980 1744 1015 1806 ah
1034 1761 1068 1805 ea
1083 1751 1167 1824 parte

166 1844 240 1904 quae
258 1828 346 1888 luerit
362 1828 397 1888 ab
414 1828 511 1890 radice
527 1830 640 1906 nigrum
655 1829 802 1906 colorem,
821 1829 856 1889 ab
870 1827 961 1889 altera
975 1837 1058 1908 parte
1075 1829 1167 1893 croci.

165 1913 259 1990 ipsum
276 1913 376 1973 utilem
392 1931 459 1974 esse
476 1913 623 1974 oculorum
638 1911 865 1974 medicamentis.

126 2007 175 2061 149
249 1996 297 2058 21.
321 1997 403 2076 (39.)
431 1998 549 2058 hatitae
573 1996 685 2077 lapides
709 2016 744 2058 ex
770 2004 943 2076 argumento
966 1997 1089 2060 nominis
1110 2015 1205 2058 meaa

166 2099 250 2158 gnam
272 2082 374 2142 lamam
390 2081 508 2142 habent.
548 2084 734 2160 reperiuntur
754 2083 783 2143 11
803 2081 877 2142 nidis
893 2083 1067 2163 aquilarum,
1091 2083 1167 2141 sicut

126 2185 147 2220 rc
166 2184 187 2220 12
199 2166 227 2225 in
243 2165 362 2227 decumo
377 2165 523 2227 volumine
542 2166 674 2227 diximus.
702 2167 780 2227 aiunt
797 2166 882 2226 binos
898 2166 1041 2243 inueniri,
1059 2182 1167 2226 marem

167 2267 201 2309 ac
223 2250 371 2327 seminam,
394 2269 450 2312 nee
471 2252 534 2310 sine
560 2251 596 2312 iis
619 2269 725 2331 parere
747 2267 817 2329 quas
840 2251 961 2310 diximus
982 2248 1110 2328 aquilas,
1136 2258 1167 2310 et

168 2332 235 2394 ideo
259 2335 343 2396 binos
366 2343 481 2395 tantum.
520 2353 631 2412 genera
656 2352 757 2396 eorum
779 2341 931 2415 quattuor:
948 2337 976 2394 11
998 2333 1098 2394 Alrica
1120 2351 1167 2394 na·

169 2426 298 2479 scentem
318 2418 452 2498 pusillum
475 2437 509 2480 aa
530 2419 665 2497 mollem,
698 2421 773 2480 intra
793 2437 827 2480 se
859 2419 939 2480 velut
967 2420 995 2478 iu
1026 2417 1092 2479 alvo
1118 2418 1205 2478 haas

168 2501 286 2564 beatem
311 2502 440 2580 argillam
461 2522 596 2582 suavem,
621 2504 778 2567 candidam.
814 2504 909 2584 ipsum
928 2501 1073 2565 friabilem
1086 2503 1167 2564 lemi-

169 2587 215 2645 nei
229 2605 317 2646 sexus
330 2594 438 2665 putant,
455 2605 562 2650 marem
575 2597 670 2651 autem
684 2591 733 2668 qui
747 2591 776 2650 in
789 2588 898 2650 Arabia
909 2596 1043 2650 nascatur
1057 2587 1166 2666 durum,

169 2668 266 2746 gallae
287 2669 410 2730 similem
433 2679 481 2731 aut
503 2673 690 2751 subrutilum,
708 2675 738 2733 11
753 2673 819 2736 alvo
837 2673 994 2735 habentem
1010 2672 1110 2734 durum
1127 2671 1166 2732 la·

128 2752 293 2832 150pidem.
329 2757 432 2814 tertius
458 2756 488 2814 11
509 2754 608 2838 Cypro
629 2759 774 2819 invenitur
802 2758 904 2820 colore
931 2758 992 2819 illis
1016 2758 1046 2817 in
1068 2756 1168 2818 Africa

170 2838 356 2899 nascentibus
375 2838 496 2917 similis,
518 2844 640 2921 amplior
664 2850 757 2903 tamen
780 2848 866 2920 atque
884 2843 1036 2919 dilatatus,
1059 2843 1205 2905 ceterisao

170 2924 246 2983 enim
266 2923 393 3001 globosa
417 2923 518 2985 iacies,
559 2926 645 2987 habet
670 2929 699 2986 in
723 2925 789 2986 alvo
809 2925 945 3000 harenam
965 2925 1113 2987 iucundam
1139 2935 1167 2987 et

170 3007 305 3086 lapillos,
328 3009 394 3087 ipse
409 3016 465 3070 tam
479 3009 575 3070 mollis
595 3018 626 3070 ut
642 3011 727 3071 etiam
744 3010 842 3088 digitis
858 3011 971 3072 irietur.
1009 3012 1102 3089 quarti
1117 3028 1167 3087 ge·

171 3093 250 3152 neris
267 3090 438 3171 Taphiusius
462 3095 626 3174 appellatur
653 3113 776 3156 nascens
804 3097 883 3156 iuxta
908 3094 1041 3158 Leucada
1064 3095 1093 3154 11
1115 3094 1167 3156 Τ1·

171 3175 285 3254 phiusa,
297 3179 345 3254 qui
358 3177 440 3239 locus
453 3188 499 3240 est
510 3178 612 3241 dextra
627 3179 829 3258 navigantibus
841 3198 880 3240 ex
887 3179 985 3242 Ithaca
995 3177 1166 3242 Leucadem.

170 3261 316 3320 invenitur
339 3263 368 3322 in
390 3262 552 3324 huminibus
574 3263 710 3325 candidus
731 3282 764 3325 ac
789 3265 939 3327 rotundus.
980 3264 1048 3325 huic
1071 3272 1117 3324 est
1139 3266 1202 3328 inse

130 3355 179 3409 151
192 3343 259 3404 alvo
275 3344 348 3423 lapis
361 3350 409 3425 qui
424 3355 542 3408 vocatur
557 3348 698 3426 callimus,
713 3349 933 3428 necquicquam
948 3350 1082 3412 teretius.
1114 3348 1166 3410 he·
1246 3401 1247 3406 ,

173 3429 243 3489 titae
261 3429 388 3507 gravidis
404 3431 549 3510 adalligati
560 3433 730 3494 mulieribus
746 3432 794 3495 uel
810 3434 1034 3515 quadripedibus
1049 3433 1167 3513 pellicu-

172 3513 209 3574 lis
225 3515 449 3576 sacrificatorum
465 3517 625 3580 auimalium
645 3519 795 3580 continent
815 3527 932 3599 partus,
954 3520 1083 3580 nonnisi
1104 3536 1167 3599 par·
