2510 3898
284 246 365 294 nau.
387 246 477 296 urar.
497 249 604 297 xxxv.
625 248 668 301 ra.
684 246 726 301 aa.
750 239 901 318 (ae—47.)
1058 244 1098 304 97

86 401 274 463 nobilitatem
289 412 320 463 et
336 404 483 464 Arretium
501 406 530 464 in
546 403 645 482 ltalia,
668 414 698 466 et
713 405 833 467 calicum
851 415 958 469 tantum
974 409 1095 472 Surren-

87 494 147 545 tum
156 530 166 565 ,
182 487 274 564 Asta,
296 487 459 565 Pollentia,
478 490 506 549 in
518 486 655 568 Hispania
670 489 839 569 Saguntum,
854 492 884 551 in
900 492 971 554 Asia
986 493 1096 574 Perga·

86 588 172 630 mum.
189 570 322 634 ,habent
343 580 374 634 et
391 571 496 635 Trallis
519 572 560 633 ibi
577 591 669 652 opera
686 593 737 636 sua
756 584 786 635 et
808 577 837 636 in
854 575 937 638 ltalia
956 577 1076 658 llutiua,
1090 591 1137 647 161

86 657 234 734 quoniam·
242 665 272 717 et
288 657 331 718 sic
344 666 450 736 gentes
466 657 655 719 nobilitantur
674 655 790 721 ethaeo
807 678 925 740 quoque
943 681 997 742 per
1008 667 1097 726 maria

63 749 182 800 eternas
201 740 280 802 ultro
298 742 373 802 citro
393 751 545 820 portantur
566 743 728 820 insignibus
745 753 829 805 rotae
852 747 987 807 cilicinis.
1023 746 1097 828 Ery-

87 823 161 884 thris
176 825 207 885 in
220 826 329 905 templo
342 827 490 906 hodieque
504 826 694 888 ostenduntur
708 828 866 908 amphorae
881 830 956 892 duae
970 841 1096 914 propter

86 911 260 970 tenuitatem
275 920 468 973 consecratae
483 911 617 990 discipuli
632 913 822 992 magistrique
838 917 1016 994 certamine,
1029 925 1096 978 uter

85 996 254 1055 tenuiorem
265 994 379 1056 humum
392 997 521 1058 duceret.
541 994 612 1057 Cois
625 995 686 1057 laus
700 1014 840 1076 maxuma,
848 998 1000 1062 hadrianis
1009 1001 1094 1062 anni-

85 1087 141 1156 tas,
154 1079 302 1141 nonnullis
318 1083 397 1142 circa
411 1080 468 1143 hoc
484 1082 652 1143 seueritatis
666 1099 783 1162 quoque
803 1084 954 1163 exemplis.
974 1083 1008 1158 Q.
1020 1084 1075 1148 Oo·
1088 1095 1138 1153 161

52 1183 76 1225 m
85 1165 205 1243 ponium
219 1166 380 1226 invenimus
395 1166 518 1228 ambitus
532 1166 702 1244 damnatum,
718 1169 850 1246 quiavini
865 1168 1030 1248 amphoram
1045 1171 1094 1232 de·

85 1248 180 1309 disset
195 1249 273 1310 douo
295 1251 323 1311 ei
339 1253 385 1311 cui
403 1251 522 1330 suffragi
540 1250 611 1311 latio
628 1260 699 1313 erat.
739 1259 844 1332 atque,
861 1261 891 1313 ut
908 1273 924 1314 c
939 1254 1008 1315 luxu
1025 1273 1096 1333 quo·

13 1395 18 1408 ,
85 1352 142 1413 que
166 1334 263 1413 aliqua
284 1337 435 1414 contingat
455 1337 613 1397 auctoritas
638 1336 763 1414 figlinis,
786 1338 979 1416 tripatinium,
1002 1341 1094 1419 iuquit

83 1417 275 1498 Fenestella,
299 1421 502 1499 appellabatur
517 1439 624 1482 summa
639 1438 775 1482 cenarum
790 1421 909 1483 lautitia.
953 1441 1008 1482 una
1030 1436 1094 1484 erat

82 1521 286 1583 murenarum,
312 1505 406 1567 altera
428 1505 578 1586 luporum,
602 1506 688 1566 tertia
711 1507 792 1566 mixti
813 1507 922 1585 piscis,
948 1507 1092 1570 inclinatis

52 1588 139 1650 uiam
156 1588 272 1650 scilicet
287 1590 436 1669 moribus,
449 1598 480 1651 ut
498 1599 594 1652 tamen
610 1609 663 1652 eos
679 1591 833 1670 praeferre
850 1589 992 1653 Graeciae
1008 1593 1094 1654 etiam

83 1673 272 1752 pbilosophis
292 1677 456 1754 possimus,
484 1675 626 1755 siquidem
643 1677 673 1736 io
688 1675 861 1737 Aristotelis
885 1674 1024 1738 heredum
1039 1695 1094 1739 au-

82 1761 183 1819 ctione
205 1757 285 1819 LXX
313 1761 425 1840 patinas
446 1761 566 1822 venisse
587 1761 716 1822 traditur.
751 1778 805 1822 nos
823 1779 886 1822 cum
907 1780 991 1822 unam
1014 1762 1072 1824 lle-
1084 1772 1135 1830 163

83 1845 150 1924 sopi
173 1845 392 1922 tragoediarum
415 1844 566 1907 histrionis
588 1847 617 1907 in
644 1853 745 1907 natura
766 1847 860 1907 arium
881 1846 1044 1908 diceremus
1061 1867 1090 1911 n,
1103 1869 1134 1904 un

84 1931 233 1990 sestertiis
249 1931 427 2008 Estctissc,
443 1949 501 1992 non
515 1931 616 1992 dubito
628 1929 793 2008 indignatos
807 1931 953 2010 legentis,
965 1940 1005 2010 at,
1021 1931 1093 1994 Her·

51 2013 184 2092 mcules,
204 2013 343 2076 Vitellius
367 2016 397 2076 in
418 2016 581 2095 principatu
604 2033 657 2077 suo
676 2011 716 2102 ΙΞΙ
734 2014 789 2076 Hs.
814 2016 942 2077 condidit
956 2018 1092 2096 patinam,

83 2101 127 2160 cui
143 2099 297 2161 faciendae
313 2100 420 2161 fornax
430 2101 459 2161 in
476 2101 585 2179 campis
602 2101 792 2162 exaedificata
807 2109 888 2180 erat,
904 2104 1039 2181 quoniam
1055 2118 1091 2162 eo

83 2185 222 2264 pervenit
240 2184 356 2247 luxuria
381 2193 411 2246 ut
426 2187 513 2247 etiam
533 2185 630 2247 fictilia
649 2187 740 2265 pluris
762 2194 899 2248 constent
919 2204 1003 2265 quam
1017 2204 1092 2246 mur·

81 2272 156 2332 rina.
188 2279 314 2350 propter
336 2270 409 2331 hauc
424 2269 573 2331 Mucianus
595 2270 689 2332 altero
708 2270 861 2332 consulatu
884 2288 938 2331 suo
955 2273 984 2330 in
1004 2280 1135 2336 con-164

82 2357 242 2433 questione
270 2355 462 2436 exprobravit
486 2359 645 2435 patinarum
664 2355 776 2435 paludis
794 2353 897 2416 Vitelli
920 2357 1090 2432 memoriae,

51 2457 139 2500 anon
164 2440 216 2501 illa
236 2440 372 2502 foediore
392 2441 473 2502 cuius
494 2459 610 2502 veneno
631 2439 789 2520 Asprenati
815 2457 868 2500 reo
894 2436 1012 2500 cassius
1040 2438 1092 2499 Sc·

81 2544 169 2586 verus
189 2534 343 2586 accusator
364 2525 513 2586 obiciebat
536 2527 676 2586 interisse
698 2525 837 2585 convivas
858 2521 976 2584 CXXX.
1008 2523 1091 2585 nobi-

81 2609 201 2671 litantur
218 2609 263 2671 his
280 2627 398 2690 quoque
419 2611 541 2690 oppida,
563 2618 594 2670 ut
614 2609 758 2688 Rhegium
774 2617 804 2670 et
821 2606 938 2670 Cumae.
977 2607 1071 2669 Samia
1084 2618 1132 2674 165

82 2702 159 2755 testa
177 2693 281 2757 Matris
304 2695 389 2756 deum
407 2695 577 2756 sacerdotes
596 2697 644 2774 qui
666 2693 739 2754 Galli
762 2702 902 2754 vocantur
922 2693 1089 2754 virilitatem

81 2789 250 2859 amputare,
272 2798 328 2841 nec
350 2780 436 2841 aliter
451 2781 522 2841 citra
545 2781 720 2859 perniciem,
748 2777 784 2838 ti.
803 2776 904 2839 Caelio
926 2778 1089 2855 credamus,

50 2867 128 2944 acqui
148 2863 279 2944 linguam
293 2867 337 2926 sic
360 2865 558 2945 amputandam
576 2865 685 2925 obiecit
700 2865 782 2942 gravi
798 2863 928 2943 probro,
947 2872 1089 2941 tamquam

83 2951 194 3030 etipse
213 2951 269 3011 iam
284 2958 352 3010 tuuc
372 2949 466 3011 eidem
488 2948 611 3011 Vitellio
629 2948 826 3010 malediceret.
861 2944 948 3026 quid?
964 2963 1023 3008 nou
1039 2948 1089 3007 ex·

82 3037 224 3114 cogitarit
235 3036 294 3096 vita
308 3035 408 3096 fractis
425 3035 512 3097 etiam
528 3037 612 3095 testis
625 3033 732 3094 utendo
748 3034 791 3093 sic
806 3041 837 3092 ut
851 3032 960 3092 firmius
972 3031 1086 3108 durent,

83 3121 174 3181 tunsis
195 3120 277 3181 calce
299 3120 394 3181 addita
415 3138 489 3200 quae
504 3127 610 3180 vocant
628 3114 767 3196 Signina?
797 3134 855 3195 quo
876 3135 988 3194 genere
1005 3117 1090 3176 etiam

81 3207 247 3284 pavimenta
263 3207 453 3284 excogitavit.
1105 3252 1110 3257 .

50 3318 73 3360 a
125 3291 174 3355 13.
194 3291 276 3370 (47.)
299 3289 409 3350 Verum
434 3300 464 3351 et
488 3291 580 3371 ipsius
604 3297 702 3349 terrae
727 3296 793 3348 sunt
815 3287 871 3348 alia
896 3294 1067 3348 commenta.
1081 3294 1114 3348 16

82 3377 147 3455 quis
169 3378 247 3437 enim
262 3378 333 3436 satis
351 3377 472 3437 miretur
492 3391 656 3455 pessumam
671 3374 734 3434 cius
750 3380 862 3452 partem
882 3371 1009 3450 ideoque
1026 3368 1089 3449 pul·

81 3479 183 3522 rerem
200 3460 376 3540 appellatam
390 3461 419 3520 in
434 3459 603 3521 Puteolanis
618 3458 742 3520 collibus
758 3459 868 3539 opponi
890 3458 977 3517 maris
997 3455 1089 3514 flucti-

81 3545 148 3626 bus,
161 3563 349 3626 mersumque
366 3547 497 3626 protinus
513 3545 577 3608 lieri
595 3543 720 3624 lapidem
736 3561 820 3603 unum
833 3537 1088 3622 inexpugnabilem

122 3649 287 3694 ru1n1nnu.
303 3649 381 3696 uusn.
399 3631 435 3692 V.
905 3635 922 3690 7
