2510 3898
159 203 201 266 90
509 212 539 261 o.
557 213 652 262 annun
669 211 817 262 saconnu

120 385 239 440 tannen
259 392 313 435 sno
338 391 450 453 genere
472 377 626 432 certasset.
663 367 739 429 idem
755 377 785 430 et
806 367 952 430 lacunaria
974 368 1083 447 primus
1105 367 1168 446 pin-

161 478 233 539 gere
258 459 399 535 instituit,
422 474 477 518 nec
498 471 626 516 camaras
648 461 802 516 antaeum
826 452 924 516 taliter
947 452 1082 514 adornari
1102 469 1167 512 mos

159 545 224 605 luit.
251 562 355 624 parvas
377 541 517 624 pingebat
539 538 663 602 tabellas
678 555 869 617 maxumeque
891 556 1010 618 pueros.
1045 536 1103 599 boc
1118 556 1167 599 ae·

160 628 228 690 muli
250 627 519 709 interpretabantur
538 625 638 686 lacere
664 642 746 701 eom,
771 624 906 702 quoniam
930 623 1009 684 tarda
1034 624 1166 703 picturae

161 715 235 775 ratio
251 721 333 776 esset
347 713 405 773 illa.
437 710 625 791 quamobrem
641 709 757 770 daturus
773 717 802 769 et
819 707 981 770 celeritatis
996 709 1099 769 lamam
1114 707 1189 769 arb-s

162 798 252 861 solvit
275 815 333 860 uno
348 798 396 859 die
419 796 557 858 tabellam
579 813 654 874 quae
675 802 778 854 vocata
800 803 846 856 cst
867 793 1050 856 hemeresios
1072 810 1166 873 puero

122 896 170 950 tte
181 886 272 964 picto.
318 883 421 944 amavit
442 884 471 943 in
494 883 611 942 iuventa
634 877 786 958 Glyceram
809 881 982 958 municipem
1004 896 1100 956 suam,
1125 879 1168 938 in·

161 970 322 1031 cantricem
344 985 534 1045 coronarum,
566 963 765 1043 certandoque
786 965 947 1026 imitatione
970 966 1032 1025 eius
1059 962 1095 1024 ad
1117 981 1167 1025 nu·

161 1055 387 1118 morosissimam
411 1051 514 1113 llorum
536 1052 708 1111 varietatem
729 1049 867 1129 perduxit
887 1057 978 1110 artem
993 1049 1078 1110 illam.
1115 1065 1167 1128 po-

161 1148 272 1200 stremo
290 1140 384 1218 pinxit
400 1146 431 1198 et
452 1139 544 1217 ipsam
563 1135 715 1196 sedentem
732 1153 795 1195 cum
811 1152 939 1210 corona,
956 1152 1030 1215 qnae
1050 1153 1066 1194 e
1083 1134 1167 1194 nobi·
1178 1156 1205 1197 ao

161 1224 281 1285 lissimis
298 1223 395 1284 tabula
411 1220 557 1302 appellata
573 1229 620 1282 est
634 1219 903 1299 stephaneplocos‚
918 1220 955 1280 ab
970 1219 1035 1280 aliis
1050 1218 1167 1298 stepha-

160 1307 295 1389 nopolis‚
317 1309 452 1387 quoniam
469 1304 594 1384 Glycera
611 1305 787 1368 venditando
803 1323 928 1367 coronas
950 1311 1168 1366 sustentaverat

159 1401 373 1473 paupertatem.
404 1391 488 1454 huius
506 1390 622 1453 tabulae
638 1390 803 1471 exemplar,
819 1390 896 1468 quod
909 1388 1100 1468 apographon
1116 1405 1167 1448 vo-

160 1488 241 1556 cant,
265 1478 295 1538 L.
314 1477 449 1539 Lucullus
481 1476 594 1538 duobus
620 1476 737 1536 talentis
762 1477 831 1537 ernit
857 1475 1006 1552 Dionysiis
1030 1473 1165 1550 Athenis.

117 1575 168 1631 rto
181 1565 246 1645 [241
264 1562 383 1624 Pausias
400 1572 495 1624 autem
510 1563 582 1623 iecit
596 1570 626 1622 et
640 1560 758 1639 grandis
771 1560 901 1638 tabulas,
916 1562 990 1620 sicut
1007 1567 1203 1639 spectabamus

159 1651 189 1710 in
204 1648 325 1729 Pompei
356 1651 470 1726 portien
486 1650 571 1710 bourn
590 1648 815 1710 inmolationem.
875 1663 937 1706 eam
956 1647 1063 1724 primus
1086 1645 1167 1704 inve-

159 1735 203 1793 nit
214 1733 371 1812 pioturam‚
386 1750 471 1811 quam
487 1739 592 1810 postea
607 1731 708 1790 imitati
724 1738 791 1790 sunt
806 1729 907 1806 multi,
923 1731 1059 1808 aequavit
1071 1746 1166 1790 nemo.

160 1817 359 1894 antennam,
382 1835 444 1876 cum
461 1815 673 1892 longitudinem
689 1815 774 1875 bovis
797 1815 910 1876 ostendi
933 1813 1042 1892 vellet,
1065 1814 1168 1876 adver·

161 1920 223 1962 sum
243 1902 433 1980 compinxit,
454 1917 513 1961 non
530 1908 708 1977 traversum,
728 1908 758 1960 et
782 1899 896 1960 abunde
912 1899 1095 1978 intellegitur
1111 1917 1169 1959 arn-

118 1997 167 2054 127
180 1985 301 2066 plitudo.
334 1985 417 2063 dein,
431 2003 495 2046 cum
511 2002 698 2064 omnesquae
712 1984 811 2045 volunt
826 1987 982 2046 eminentia
994 1984 1087 2047 videri
1101 2002 1205 2047 can-m

159 2071 266 2132 dicanti
287 2069 392 2130 iaciant
417 2070 539 2147 colore,
554 2088 629 2150 qnae
641 2069 768 2130 condunt
780 2071 882 2148 nigro,
894 2069 941 2131 bic
956 2079 1045 2132 totum
1059 2070 1167 2131 bovem

160 2157 214 2216 atri
228 2153 339 2216 coloris
350 2155 421 2216 lecit
433 2155 611 2234 umbraeque
623 2172 730 2234 corpus
743 2173 781 2215 en
792 2156 856 2234 ipsa
868 2155 948 2216 dedit
968 2173 1069 2234 magna
1083 2172 1167 2234 pror·

159 2259 209 2300 sus
225 2250 288 2300 arte
307 2241 336 2300 in
351 2257 446 2320 aequo
463 2241 608 2301 exstantia
622 2239 797 2301 ostendente
817 2249 846 2301 et
863 2242 891 2300 in
906 2241 1056 2302 confracto
1072 2239 1167 2302 solida

160 2325 263 2386 omnia.
308 2324 435 2402 Sicyone
460 2334 490 2386 et
513 2324 560 2385 hio
581 2327 667 2386 vitam
690 2326 767 2403 egit,
795 2324 901 2404 dinque
925 2325 975 2388 illa
993 2327 1047 2387 luit
1073 2326 1166 2404 patria

159 2412 303 2491 picturae.
336 2410 446 2471 tabulas
463 2410 529 2472 inde
546 2430 563 2471 e
579 2410 698 2489 publico
717 2411 809 2470 omnis
829 2419 952 2491 propter
970 2430 1021 2472 aes
1042 2410 1204 2474 alienumae

117 2495 306 2562 lascivitatis
318 2495 445 2556 addictas
454 2496 555 2556 Scauri
567 2493 828 2556 aedilitasllomam
840 2495 998 2558 transtulit.
1016 2495 1080 2575 [25]
1094 2494 1168 2555 Post

159 2598 224 2642 eum
247 2581 366 2642 eminuit
392 2581 481 2658 longe
509 2589 576 2641 ante
603 2581 695 2640 omnis
713 2578 889 2660 Euphranor
914 2581 1050 2642 Isthmius
1077 2579 1168 2658 olym·

116 2685 144 2729 ss,
157 2687 179 2722 m
190 2665 275 2743 piade
292 2662 394 2742 cult,
411 2665 485 2725 idem
500 2666 548 2744 qui
567 2667 644 2725 inter
660 2665 780 2748 lictores
796 2665 890 2726 dictus
907 2675 953 2727 est
969 2666 1066 2728 nobis.
1094 2665 1167 2727 fecit

159 2759 189 2812 et
211 2749 348 2811 colossos
368 2758 397 2810 et
415 2767 576 2810 marmorea
599 2758 629 2810 et
648 2759 734 2831 typos
754 2750 893 2830 scalpsit,
916 2752 1020 2813 docilis
1037 2769 1071 2812 ac
1084 2750 1167 2812 labo·

158 2838 255 2898 riosus
277 2843 344 2896 ante
360 2837 452 2896 omnis
470 2843 501 2896 et
516 2836 545 2895 in
563 2852 747 2916 quocumque
763 2853 875 2914 genere
890 2837 1042 2898 excellens
1058 2855 1092 2898 ac
1107 2836 1165 2896 sibi
1177 2863 1204 2906 30

159 2920 299 3000 aequalis.
327 2920 374 2982 hic
387 2922 496 3000 primus
507 2920 624 2982 videtur
634 2922 822 3000 expressisse
833 2921 982 2999 dignitatis
996 2922 1118 2983 heroum
1136 2931 1167 2984 et

158 3023 316 3084 usurpasse
327 3005 1167 3086 symmetrian,sedinitinuniversitetecorporumexilior

117 3101 166 3157 129
178 3099 209 3151 et
227 3091 370 3169 capitibus
391 3090 580 3172 articulisque
600 3091 745 3168 grandior.
791 3090 935 3153 volumina
958 3110 1075 3172 quoque
1097 3109 1166 3153 con·

158 3175 257 3254 posuit
272 3174 309 3236 de
325 3177 491 3253 symmetria
507 3184 537 3237 et
555 3175 715 3237 coloribus.
751 3194 842 3257 opera
856 3179 920 3238 eius
942 3187 1008 3238 sunt
1024 3186 1165 3257 equestre

158 3258 320 3338 proelium,
339 3259 491 3322 duodecim
505 3261 571 3338 dei,
588 3258 740 3340 Theseus,
751 3263 781 3322 in
792 3280 850 3341 quo
864 3262 937 3324 dixit
950 3262 1072 3325 eundem
1088 3264 1165 3342 apud
1175 3286 1200 3329 ss

157 3343 340 3406 Parrhasium
373 3363 441 3406 rosa
468 3355 582 3425 pastum
608 3356 693 3425 esse,
720 3365 802 3408 suum
825 3366 899 3410 vero
923 3365 1020 3410 carne.
1055 3348 1163 3410 nobilis

157 3431 220 3491 eius
247 3429 344 3492 tabula
360 3429 470 3511 Ephesi
488 3439 552 3508 est,
573 3429 677 3491 Ulixes
698 3432 828 3493 simulata
842 3433 954 3494 insania
972 3434 1077 3494 bovem
1100 3451 1165 3494 cum

158 3531 235 3595 equo
259 3517 382 3594 iungens
407 3525 438 3577 et
460 3515 570 3597 palliati
591 3518 771 3597 cogitantes,
801 3518 858 3578 dux
878 3519 1002 3596 gladium
1024 3519 1164 3580 condens.
