2468 3896
329 224 412 274 uun.
429 225 519 274 mss.
539 227 646 274 xxxv.
663 224 688 276 a.
712 226 737 280 3.
753 216 869 293 (2—6.)
1061 217 1101 278 69

96 383 207 444 bantur
229 383 388 460 imagines,
411 382 485 444 unde
511 390 541 443 et
561 401 665 444 nomen
682 382 812 444 habuere
830 383 1007 463 clipeorum,
1031 402 1100 462 uon,

97 476 132 526 ut
166 484 308 546 perversa
335 470 584 545 grammaticorum
610 467 755 546 suptilitas
781 469 889 546 voluit,
923 487 939 528 a
964 469 1097 531 cluendo.

6 555 7 562 ’
98 553 188 630 origo
202 551 288 630 plena
299 553 429 629 virtutis,
444 553 547 613 faciam
559 553 639 614 reddi
655 555 684 613 in
696 562 779 614 scuto
795 554 935 630 cuiusque
947 556 995 631 qui
1011 556 1100 616 luerit

98 656 169 696 usus
188 636 250 696 illo.
280 634 373 697 Poeni
388 654 427 696 ex
444 655 514 697 auro
531 637 703 699 factitavere
725 647 756 700 et
772 638 886 717 clipeos
904 646 933 697 et
950 640 1090 718 imagines
1110 650 1143 705 lt

75 739 259 799 tsecumque
275 723 423 781 incastris
440 741 561 782 vexere.
597 730 679 784 certe
696 724 787 802 captis
809 722 895 783 talem
911 721 1098 783 Hasdrubalis

96 808 212 866 invenit
226 804 352 866 Marcius
367 805 533 885 Scipionum
557 809 587 867 in
602 806 739 886 Hispania
761 807 855 885 ultor,
880 809 964 885 isque
987 807 1099 887 clipeus

96 909 188 968 supra
209 891 284 950 ioris
305 887 487 970 Capitolinae
515 892 596 952 aedis
621 891 768 972 usquead
793 891 955 952 incendium
979 895 1100 971 primurn

6 1009 7 1014 κ
95 976 160 1036 init.
194 977 333 1036 maiorum
348 975 464 1055 quidem
478 985 644 1037 nostrorum
659 985 735 1038 tanta
751 979 893 1037 securitas
908 978 938 1035 in
954 995 989 1037 ea
1004 997 1037 1037 re
1053 978 1100 1037 ad-

6 1081 7 1088 ¹
95 1068 235 1136 notatur,
252 1069 283 1120 ut
298 1058 329 1120 L.
346 1059 471 1138 Manlio,
491 1058 525 1133 (h
540 1061 644 1122 Fulvio
666 1079 743 1124 coss.
770 1079 843 1122 auno
860 1061 940 1121 urbis
957 1059 1098 1121 DLXXV.

64 1143 133 1206 roll.
153 1144 289 1206 Aulidius
305 1144 417 1206 tutelae
434 1144 580 1226 Capitolio
599 1145 769 1226 redemptor
783 1147 917 1207 docuerit
934 1155 1034 1225 patres
1056 1163 1099 1206 ar-

95 1238 227 1308 genteos
249 1249 317 1291 esse
336 1230 450 1309 clipeos
472 1234 520 1311 qui
544 1249 598 1310 pro
616 1233 713 1292 aereis
729 1249 783 1310 per
799 1230 909 1310 aliquot
932 1233 986 1290 iam
1008 1230 1098 1291 lustra

6 1369 7 1374 ,
96 1314 334 1393 adsignabantur.

6 1399 8 1440 t
161 1400 225 1480 (5.)
237 1399 282 1461 De
301 1401 432 1478 picturae
450 1403 537 1461 initiis
557 1403 668 1462 incerta
686 1419 741 1460 nec
758 1401 882 1460 instituti
895 1401 996 1479 operis
1009 1417 1096 1477 quae·
1110 1412 1142 1463 15

96 1487 154 1544 stio
172 1493 228 1544 est.
255 1485 397 1564 Aegyptii
410 1504 464 1546 sex
479 1485 594 1546 milibus
611 1503 749 1546 annorum
767 1484 842 1564 apud
857 1485 939 1563 ipsos
955 1486 1100 1545 inventam

6 1631 7 1644 y
65 1586 86 1628 u
95 1571 266 1649 priusquam
277 1571 307 1629 in
318 1569 469 1630 Graeciam
481 1573 618 1631 transiret
630 1568 777 1629 adfirmant
786 1587 858 1629 vana
870 1569 1099 1647 praedicatione,

95 1663 125 1713 ut
144 1653 241 1733 palam
257 1662 320 1732 est,
337 1652 441 1716 Graeci
459 1663 554 1716 autem
570 1655 618 1715 alii
634 1654 761 1732 Sicyone
777 1654 825 1714 alii
841 1652 917 1732 apud
932 1652 1099 1714 Corinthios

6 1789 7 1798 ,
96 1747 264 1818 repertam,
284 1757 385 1800 omnes
407 1740 505 1801 umbra
527 1739 651 1800 hominis
673 1739 750 1800 liniis
766 1738 967 1800 circumducta.
1001 1740 1099 1815 itaque

6 1799 8 1892 l
96 1827 219 1903 primam
237 1823 341 1901 talem,
365 1825 519 1886 secundam
535 1825 656 1903 singulis
673 1823 823 1884 coloribus
837 1831 867 1883 et
882 1822 1100 1884 monochroma-

6 1917 7 1920 ’
97 1917 147 1969 ton
163 1908 269 1969 dictam
287 1917 439 1988 postquam
455 1911 613 1989 operosior
632 1911 750 1970 inventa
774 1917 853 1987 erat,
874 1907 1015 1986 duratque
1035 1906 1099 1965 talis

66 1997 185 2054 aetiam
209 2011 291 2053 nunc.
331 1989 484 2054 Iuventam
516 1995 648 2054 liniarem
670 2012 685 2053 a
706 1992 838 2054 Philocle
864 1994 1014 2073 Aegyptio
1044 1991 1092 2051 vel
1109 2001 1142 2055 16

97 2077 243 2139 Cleanthe
261 2076 414 2138 Corinthio
442 2081 525 2159 primi
550 2097 714 2140 exercuere
731 2079 866 2140 Aridices
885 2074 1052 2137 Corinthius
1071 2084 1100 2136 et

96 2163 286 2243 Telephanes
296 2162 461 2242 Sicyonius,
468 2167 532 2225 sine
542 2163 602 2225 ullo
612 2166 765 2224 etiamnum
777 2163 805 2223 hi
813 2162 927 2239 colore,
936 2165 990 2223 iam
1003 2172 1098 2222 tamen

96 2256 275 2328 spargentes
291 2248 375 2309 linias
392 2251 478 2309 intus.
514 2249 581 2310 ideo
604 2258 634 2309 et
655 2267 729 2328 quos
749 2251 905 2327 pingerent
929 2246 1098 2306 adscribere

95 2335 268 2394 institutum.
299 2333 410 2394 Primus
429 2336 540 2394 invenit
561 2351 611 2394 eas
630 2334 791 2409 colorare,
815 2332 918 2393 colore
933 2341 1046 2408 testae,
1069 2339 1099 2389 ut

65 2419 212 2495 aierunt,
233 2419 337 2495 tritae,
359 2416 526 2498 Ecphautus
549 2416 728 2479 Corinthius.
764 2417 838 2476 hunc
860 2414 964 2476 eodem
984 2417 1100 2475 nomine

94 2504 181 2564 aliurn
197 2503 291 2563 luisse
310 2521 392 2581 quam
413 2522 499 2582 quem
522 2503 609 2564 tradit
626 2500 781 2562 Cornelius
795 2499 897 2581 Nepos
917 2509 1047 2562 secutum
1071 2500 1099 2557 in

9 2641 13 2648 .
93 2587 209 2648 ltaliam
237 2587 419 2648 Damaratam
449 2587 585 2668 Tarquini
613 2587 705 2648 Prisci
727 2585 848 2647 Romani
882 2589 962 2665 regis
988 2593 1100 2665 patrem

94 2675 260 2752 lugientem
272 2691 288 2733 a
298 2671 440 2733 Corintho
453 2675 566 2751 tyranni
578 2675 698 2734 iniurias
710 2669 830 2751 Cypseli
842 2689 910 2733 mox
919 2672 1142 2733 docebimusm

159 2757 221 2838 (6.)
239 2757 298 2818 lam
315 2760 391 2819 enim
409 2757 543 2818 absoluta
563 2767 626 2819 erat
642 2760 755 2838 pictura
770 2760 855 2818 etiam
870 2759 899 2816 in
916 2756 1024 2820 ltalia,
1044 2775 1093 2818 ex·
1111 2765 1141 2822 17

67 2853 174 2905 astant
198 2852 282 2904 certe
301 2842 448 2922 hodieque
475 2845 655 2922 antiquiores
678 2843 751 2904 urbe
777 2845 908 2922 picturae
930 2842 1046 2903 Ardeae
1070 2843 1099 2900 iu

97 2929 219 2990 aedibus
245 2929 355 3006 sacris,
377 2928 482 3007 quibus
519 2928 653 3008 equidem
680 2927 773 2988 nullas
794 2945 887 3006 aeque
908 2928 1016 3002 miror,
1043 2935 1099 2985 tam

98 3015 187 3093 longo
204 3032 280 3075 aevo
296 3013 433 3074 durantes
447 3015 477 3073 in
494 3013 620 3074 orbitate
637 3014 708 3074 tecti
724 3011 814 3073 veluti
827 3020 973 3073 recentes.
1000 3010 1099 3070 simili·

99 3109 143 3160 ter
162 3099 283 3178 Laniui,
305 3098 354 3159 ubi
377 3098 515 3160 Atalante
543 3107 574 3160 et
595 3096 708 3159 Helena
734 3098 890 3159 comminus
915 3097 1011 3175 pictae
1034 3105 1100 3155 sunt

10 3215 11 3234 2
99 3185 189 3246 nudae
207 3185 243 3246 ab
261 3184 365 3246 eodem
380 3184 509 3261 artilice,
527 3191 647 3262 utraque
665 3183 912 3243 excellentissima
927 3182 1030 3257 iorma,
1048 3180 1101 3240 sed

72 3268 131 3314 Ψ*
147 3271 242 3331 altera
255 3278 286 3329 ut
298 3271 394 3349 virgo,
410 3289 448 3329 ne
464 3271 555 3330 ruinis
568 3270 683 3347 quidem
695 3267 795 3348 templi
812 3284 982 3328 concussae.
1012 3265 1098 3325 Caius
1110 3273 1143 3328 18

102 3357 236 3434 princeps
254 3354 362 3418 tollere
378 3372 429 3415 eas
444 3363 566 3415 conatus
583 3363 628 3414 est
644 3353 765 3414 libidine
781 3371 940 3428 accensus,
956 3353 981 3413 si
994 3350 1100 3411 tentori

102 3449 198 3500 natura
222 3439 414 3519 permisisset.
444 3439 555 3500 'durant
579 3448 609 3499 et
633 3437 728 3500 Caere
756 3439 936 3516 antiquiores
958 3444 988 3496 et
1009 3437 1099 3512 ipsae.

103 3525 296 3602 latebiturque
316 3525 448 3604 quisquis
468 3542 519 3585 eas
543 3522 702 3602 diligenter
720 3522 918 3584 aestimaverit
938 3518 1044 3577 nullam
1058 3533 1102 3573 arn
