2510 3898
142 207 200 270 164
478 217 507 266 c.
530 216 627 266 eursu
649 216 800 266 cucurum

138 373 244 435 multae
260 374 377 453 species
391 372 522 452 reliquae
539 371 688 449 sunused
701 389 802 437 omnes
817 377 847 436 in
858 377 958 436 uitium
973 375 1139 455 caeruleae,

138 466 170 518 nt
187 457 326 537 crystallo
340 458 450 519 similes
466 464 515 517 aut
526 459 631 534 myxis,
643 459 713 517 item
724 458 964 536 terebinthizusa,
975 461 1139 539 inproprio,

138 552 169 603 ut
186 543 323 621 arbitror,
338 543 529 620 cognomine,
544 541 625 602 velut
640 561 656 604 e
672 542 769 604 multis
789 544 919 606 eiusdem
937 545 1056 622 generis
1072 561 1140 605 con·

138 629 236 707 posita
253 629 385 706 gemmis.
416 626 603 706 quamobrem
627 630 857 707 praestantiores
880 629 966 689 funda
989 627 1141 689 cluduntur

138 721 169 773 ut
185 714 243 772 sint
262 721 398 794 patentes
414 711 449 772 ab
463 719 584 790 utraque
600 719 683 790 purte
698 729 753 773 nec
766 721 886 792 praeter
900 713 1045 791 margines
1062 713 1163 792 quic-s

97 806 146 861 117
160 814 243 877 quam
267 815 338 857 auro
360 794 565 876 amplectente.
601 795 711 856 Vitium
734 798 814 858 iniis
836 806 882 858 cst
900 805 930 858 et
948 796 1047 858 breuis
1061 797 1140 858 nitor

139 900 194 942 nec
213 882 302 960 longe
321 879 536 960 'splendescens
558 887 589 941 st
610 880 653 940 sal
680 889 805 960 atquae
832 883 940 943 ceteris
968 882 1070 941 omnia.
1109 889 1140 942 et

139 968 216 1026 uitro
232 966 446 1042 adulterantur,
462 964 539 1043 quod
554 965 736 1026 manifestum
753 967 801 1044 lit,
818 984 881 1026 cum
896 973 979 1026 extra
992 964 1140 1043 iulgorem

139 1059 280 1129 spargunt
296 1059 383 1129 atque
398 1066 457 1110 nou
471 1051 546 1110 inse
558 1051 718 1110 continent.
738 1069 794 1110 nec
808 1051 942 1111 diversae
956 1067 1026 1129 quas
1040 1049 1140 1129 sphra-

138 1135 220 1213 gidas
245 1142 350 1195 vocant
370 1131 487 1213 publico
511 1151 686 1212 gemmarum
718 1133 908 1196 dominionis
930 1141 1036 1194 tantum
1057 1133 1177 1212 dato,1o

96 1231 149 1284 118
159 1220 293 1298 quoniam
317 1227 434 1297 optume
453 1217 580 1295 signent.
615 1219 644 1280 9.
665 1215 756 1278 'lotus
777 1235 848 1279 uero
872 1219 971 1280 oriens
993 1235 1048 1296 pro
1064 1236 1140 1280 amu·

139 1305 201 1365 leto
224 1312 343 1381 gestare
364 1319 415 1362 eas
434 1301 564 1363 traditur.
596 1319 671 1381 quae
693 1321 731 1364 ex
748 1303 785 1363 iis
801 1303 953 1382 zmaragdo
971 1303 1072 1364 similis
1093 1312 1140 1364 ost

138 1405 229 1467 saepe
250 1397 381 1448 traversa
398 1386 467 1447 linia
487 1385 553 1446 alba
577 1385 671 1447 media
691 1389 889 1466 praecingitur
909 1395 939 1447 et
958 1404 1139 1465 monogram-

138 1490 201 1533 mos
218 1480 356 1549 vocatur,
371 1487 445 1550 quae
459 1470 591 1550 pluribus
610 1470 834 1550 polygrammos.
863 1471 934 1534 libet
949 1471 1047 1533 obiter
1061 1473 1140 1531 vani-

139 1565 226 1618 tatem
240 1555 381 1633 llagicam
400 1554 447 1615 hic
466 1571 584 1634 quoque
598 1572 778 1635 coarguere,
797 1557 930 1634 quoniam
950 1555 1022 1616 hanc
1038 1555 1139 1617 utilem
1148 1573 1173 1616 as

139 1661 208 1703 esse
225 1639 459 1701 contionantibus
474 1639 672 1718 prodiderunt.
702 1637 756 1699 llst
775 1649 805 1701 et
820 1639 924 1717 onychi
948 1640 1046 1701 iuncta
1066 1657 1140 1719 quae

138 1729 282 1805 iasponyx
294 1732 416 1785 vocatur
429 1731 460 1784 et
473 1723 579 1784 nubem
599 1723 742 1802 conplexa
754 1732 785 1784 et
802 1725 877 1784 nivis
894 1725 1003 1784 imitata
1022 1732 1054 1785 et
1071 1723 1142 1785 stel-

138 1811 196 1871 lata
211 1808 305 1870 rutilis
321 1809 435 1890 punctis
458 1815 488 1868 et
502 1807 556 1868 sali
571 1805 720 1886 Megarico
741 1808 843 1869 similis
860 1816 891 1870 et
906 1805 987 1868 velut
1005 1809 1084 1869 fumo
1099 1808 1141 1868 in·

138 1896 227 1972 fecta,
242 1910 316 1972 quae
328 1894 444 1971 capnias
456 1898 586 1952 vocatur.
610 1891 835 1969 Magnitudinem
846 1890 966 1972 iaspidis
979 1891 1141 1971 quindecim

138 1980 283 2040 unciarum
310 1977 431 2038 uidimus
451 1976 659 2054 formatumque
682 1977 749 2037 inde
772 1977 900 2055 effigiem
924 1974 1052 2038 Neronis
1077 1977 1175 2038 tiro-ao

137 2071 272 2124 racatam.

97 2159 147 2214 119
206 2144 288 2225 (38.)
306 2145 456 2208 Reddatur
470 2152 501 2205 et
512 2162 566 2224 per
577 2163 611 2206 se
623 2163 731 2222 cyanos
742 2143 959 2220 adcommodato
973 2143 1059 2223 paulo
1073 2153 1140 2206 ante

137 2235 167 2286 et
182 2228 285 2305 iaspidi
302 2228 417 2287 nomine
433 2244 450 2286 a
466 2224 569 2286 colore
585 2227 732 2288 caeruleo.
755 2237 872 2308 optuma
894 2228 1046 2307 Scythica,
1073 2229 1141 2290 dein

139 2311 263 2392 Cypria,
286 2320 436 2392 postremo
448 2311 617 2392 »Aegyptia
654 2313 833 2375 adulteratur
853 2329 985 2374 maxume
1005 2313 1140 2391 tinctura,

137 2397 224 2476 idque
245 2399 275 2456 in
292 2397 416 2474 gloriam
434 2415 536 2474 regum
550 2396 683 2475 Aegypti
704 2397 896 2474 adscribitur,
918 2405 948 2459 et
963 2398 1012 2475 qui
1031 2398 1174 2476 primusas

139 2483 232 2542 tinxit.
260 2480 397 2542 diuiditur
412 2489 506 2542 autem
523 2490 554 2543 et
570 2481 644 2544 liaeo
658 2483 688 2542 in
704 2483 790 2542 maris
806 2482 994 2559 feminasque.
1017 2482 1095 2542 inest
1111 2483 1139 2541 ei

137 2564 290 2643 aliquando
324 2573 354 2625 et
382 2583 488 2626 aureus
521 2566 617 2646 puluis
646 2565 737 2645 qualis
766 2566 904 2646 sappiris.
944 2565 974 2626 in
1000 2565 1036 2624 iis
1063 2564 1140 2626 euim

138 2667 236 2710 aurum
252 2650 367 2727 punctis
383 2648 529 2712 conlucet.

96 2743 147 2798 120
200 2730 283 2812 (39.)
307 2729 470 2794 cnsrulsae
490 2742 521 2795 et
541 2735 668 2814 sappiri,
689 2752 842 2814 rarumque
868 2743 899 2796 ut
920 2752 984 2796 cunr
1001 2749 1139 2814 purpura,

138 2824 273 2896 optumae
287 2815 363 2895 apud
377 2814 497 2895 lledcs,
518 2835 657 2898 nusquam
672 2827 767 2880 tamen
781 2819 957 2898 perlucidae.
985 2824 1176 2898 praetereauo

138 2901 255 2962 inutiles
271 2900 426 2980 scalpturis
436 2902 705 2964 intervenientibus
723 2903 899 2981 crystallinis
915 2903 1033 2964 centris.
1065 2919 1140 2982 quae

138 2994 204 3047 suut
219 2987 307 3047 exiis
323 2987 424 3063 cyanei
441 2986 551 3047 coloris
567 3005 663 3048 maras
679 2989 886 3050 existimantur.
1175 3041 1177 3046 .

96 3079 145 3134 121
201 3068 281 3151 (40.)
303 3069 387 3130 nlius
410 3089 448 3131 ex
466 3071 523 3132 lucc
544 3070 617 3133 ordo
638 3074 793 3151 purpureis
816 3073 931 3134 dabitur
949 3079 996 3133 aut
1011 3088 1086 3150 quae
1103 3069 1139 3130 ab

135 3155 173 3215 iis
189 3153 376 3216 descendunt.
398 3154 592 3235 Principatum
605 3155 759 3233 amethysti
775 3165 875 3218 tenent
891 3155 1025 3233 Indicae,
1043 3152 1095 3216 sad
1111 3155 1140 3214 in

140 3238 269 3318 Arabiae
287 3255 405 3318 quoque
423 3247 506 3319 parte
525 3258 599 3319 quae
614 3241 732 3300 finitima
749 3240 852 3319 Syriae
868 3240 956 3302 Petra
969 3247 1092 3301 vocatur
1108 3246 1174 3298 etas

137 3324 166 3383 in
183 3322 320 3384 Armenia
335 3323 447 3384 minore
465 3332 496 3385 et
511 3324 651 3405 Aegypto
673 3333 703 3386 et
722 3323 831 3386 Galatia
852 3326 1054 3404 reperiuntur,
1076 3339 1139 3384 sor·

138 3406 304 3468 didissimae
326 3414 422 3468 autem
444 3409 661 3488 vilissimaeque
679 3411 708 3470 in
725 3408 821 3470 Thaso
840 3417 870 3472 et
885 3407 992 3489 Cypro.
1024 3424 1137 3470 causam

137 3492 261 3553 nominis
277 3491 411 3553 adierunt
427 3493 504 3572 quod
519 3493 661 3574 usquead
676 3494 735 3556 uiui
749 3494 881 3556 colorem
899 3493 1041 3556 accedens
1056 3491 1137 3571 prius
