2468 3896
264 238 344 286 nnn.
361 237 452 286 nrsn.
470 236 610 286 xxxun.
632 234 752 290 16-18.
769 225 921 306 (at-so.)
1050 225 1090 291 63

85 397 210 456 mixtura
222 394 293 454 utile
310 403 369 474 est,
386 413 482 474 neque
494 402 646 473 argentum
661 413 701 457 ex
715 411 753 457 eo
765 394 941 475 plumbatur,
957 398 1091 474 quoniam

85 483 167 562 prius
198 479 337 559 liquescit
362 489 524 558 argentum.
562 479 807 560 concridamque,
837 481 861 540 si
886 482 978 541 minus
999 482 1067 543 albo
1084 491 1134 549 162

85 566 160 644 nigri
174 583 258 645 quarn
274 567 347 626 satis
364 569 402 625 sit
413 567 580 642 misceatur,
597 564 681 626 erodi
697 565 734 626 ab
750 583 787 626 eo
803 574 963 644 argentum.
995 566 1091 628 album

85 651 254 728 incoquitur
268 651 367 710 aereis
387 650 528 730 operibus
547 648 703 710 Galliarum
721 653 841 712 invento
859 653 899 711 ita
922 660 953 710 ut
969 653 1020 711 vix
1035 651 1092 712 dis·

68 737 165 798 scerni
182 736 280 814 possit
294 735 331 795 ab
344 743 480 814 argento,
493 752 586 814 eaque
602 736 750 796 incoctilia
761 735 917 816 appellant.
942 736 1047 798 deinde
1063 746 1093 797 et

85 827 239 899 argentum
260 821 423 899 incoquere
440 821 525 880 simili
541 820 628 881 modo
651 838 783 901 coepere
803 839 944 900 equorum
959 840 1091 883 maxume

86 906 265 966 ornamentis
286 907 540 984 iumentorumque
564 923 598 966 ac
619 906 752 983 iugorum
777 905 879 966 Alesia
897 906 1023 986 oppido,
1047 926 1093 967 re-

85 991 163 1070 liqua
183 989 280 1069 gloria
295 990 457 1069 Biturigum
477 991 540 1051 luit.
577 1007 708 1070 coepere
722 990 827 1052 deinde
843 999 874 1052 et
895 991 1001 1052 esseda
1021 1010 1072 1052 sua
1086 1001 1136 1057 166

86 1075 267 1154 colisataque
283 1093 317 1138 ac
331 1075 460 1155 petorita
476 1093 622 1136 exornare
639 1075 723 1136 simili
737 1075 836 1155 modo,
851 1094 927 1155 quae
941 1078 996 1137 iam
1011 1077 1093 1137 luxu·

57 1164 127 1228 oria
143 1160 180 1222 ad
198 1179 286 1222 aurea
308 1179 427 1240 quoque
443 1178 501 1221 non
523 1160 610 1223 modo
630 1169 772 1239 argentea
789 1160 924 1223 staticula
944 1164 1092 1242 pervenit,

10 1247 12 1326 l
85 1264 221 1326 quaeque
247 1247 277 1307 in
298 1246 417 1326 scyphis
439 1247 520 1306 cerui
543 1245 698 1325 prodigum
713 1255 793 1325 erat,
816 1246 890 1308 baec
904 1249 933 1307 in
950 1246 1093 1310 vehiculis

10 1333 11 1336 ’
85 1333 171 1393 atteri
193 1330 288 1392 cultus
307 1341 438 1394 vocatur.
475 1330 587 1392 Plumbi
609 1330 666 1391 albi
692 1333 924 1411 experimentum
945 1334 975 1392 in
995 1332 1093 1393 charta

87 1425 150 1496 est,
181 1425 213 1476 ut
235 1416 423 1496 liquefactum
448 1415 581 1496 pondere
603 1416 737 1477 videatur
758 1434 817 1476 non
843 1417 943 1478 calore
965 1419 1089 1497 rupisse.

85 1502 166 1564 lndia
184 1520 281 1581 neque
296 1521 348 1564 aes
361 1520 457 1581 neque
474 1500 620 1580 plumbum
631 1500 721 1562 babet
734 1503 917 1581 gemmisque
934 1520 968 1562 ac
984 1519 1094 1579 marga-

58 1613 78 1654 ιι
86 1590 150 1649 ritis
166 1589 229 1648 suis
246 1587 320 1648 haec
335 1594 487 1667 permutat.

149 1673 236 1752 (49.)
257 1671 352 1751 Nigro
376 1671 494 1751 plumbo
519 1671 553 1733 ad
570 1670 681 1732 listulas
703 1670 871 1750 lamnasque
887 1673 1007 1750 utimur,
1030 1671 1070 1732 la·
1086 1680 1136 1737 164

85 1759 238 1821 boriosius
264 1758 293 1818 in
317 1756 455 1836 Hispania
479 1765 565 1818 eruto
593 1765 729 1837 totasque
754 1774 810 1835 per
832 1754 959 1836 Gallias,
990 1756 1094 1818 sedin

84 1844 235 1906 Britannia
251 1861 361 1902 summo
375 1851 473 1903 terrae
486 1843 569 1903 corio
581 1841 656 1902 adeo
669 1841 751 1920 large
767 1850 798 1903 ut
814 1841 864 1903 lex
878 1842 955 1904 ultro
971 1842 1093 1918 dicotur,

10 1983 11 1986 ,
86 1949 123 1992 ne
138 1927 207 2009 plus
225 1936 308 1989 certo
324 1927 412 1989 modo
429 1927 487 1987 fiat.
521 1928 597 2006 nigri
616 1927 777 2005 generibus
795 1927 868 1988 baec
880 1937 945 1988 sunt
963 1928 1092 1987 nomina:

58 2014 278 2092 olovetanum‚
307 2011 520 2093 Caprariense,
541 2011 750 2091 Oleastrense,
775 2031 830 2074 nec
850 2012 1015 2074 differentia
1036 2009 1095 2071 ulla

10 2129 12 2182 ι
87 2101 186 2162 scoria
200 2099 288 2160 modo
304 2107 428 2160 excocta
443 2097 611 2175 diligenter.
642 2098 743 2158 mirum
764 2099 794 2158 in
814 2096 859 2158 bis
876 2097 947 2160 solis
968 2095 1095 2158 metallis

88 2185 167 2266 quod
197 2183 339 2246 derelicta
366 2182 492 2245 fertilius
518 2184 715 2243 revivescunt.
748 2182 805 2243 lroc
829 2183 946 2245 videtur
969 2184 1069 2244 iacere
1088 2189 1138 2247 166

86 2270 194 2332 laxatis
214 2269 400 2348 spiramentis
416 2268 451 2329 ad
472 2267 638 2329 satietatem
658 2269 770 2329 inlusus
787 2286 839 2328 aer
854 2286 948 2348 aeque
969 2276 1001 2328 ut
1015 2266 1096 2328 lerni-

87 2375 138 2418 nas
151 2353 290 2434 quasdam
304 2353 492 2415 fecundiores
504 2354 604 2414 iacere
621 2353 752 2414 abortus.
775 2370 869 2432 nuper
883 2353 913 2413 id
923 2361 1096 2432 conpertum

58 2444 117 2503 uin
139 2439 263 2502 Baetica
285 2438 460 2501 samariensi
485 2438 605 2500 metallo
612 2481 630 2516 ,.
645 2437 723 2517 quod
748 2437 839 2499 locari
863 2437 980 2499 solitum
1010 2435 1096 2505 Χῧό

88 2527 208 2604 annuis,
232 2534 387 2605 postquam
410 2524 609 2586 oblitteratum
625 2531 704 2601 erat,
721 2521 823 2586 ΧΠ
838 2523 963 2585 locatum
980 2531 1033 2584 est.
1059 2524 1097 2584 si·

88 2611 148 2672 mili
173 2610 261 2672 modo
288 2609 484 2670 Antonianum
510 2611 540 2669 in
565 2607 666 2669 eadem
687 2610 839 2688 provincia
860 2611 922 2690 pari
948 2608 1096 2671 locatione

89 2697 230 2777 pervenit
245 2695 280 2756 ad
291 2693 349 2756 HS.
366 2697 461 2764 {W
474 2693 637 2773 vectigalis.
672 2695 772 2756 mirum
791 2703 821 2757 et
841 2695 935 2756 addita
950 2712 1024 2774 aqua
1039 2712 1097 2755 non

88 2782 262 2862 liquescere
278 2798 348 2842 vasa
365 2800 382 2842 e
397 2779 532 2860 plumbo,
555 2779 673 2858 eadem,
692 2781 717 2841 si
733 2782 762 2841 in
779 2798 853 2859 aqua
870 2780 990 2842 addatur
1004 2778 1098 2840 calcu·

60 2868 135 2929 solus
155 2865 207 2928 vel
224 2884 331 2928 aereus
348 2865 508 2945 quadrans,
524 2867 635 2944 peruri.

170 2951 219 3016 18.
237 2951 321 3032 (50.)
340 2950 373 3012 ln
397 2950 540 3012 medicina
561 2968 616 3029 per
638 2969 671 3011 se
694 2949 802 3030 plumbi
826 2968 896 3009 usus
917 2950 1070 3010 cicatrices
1091 2959 1141 3017 166

92 3039 256 3119 reprimere
278 3036 500 3116 adalligatisque
524 3034 686 3096 lumborum
714 3043 744 3096 et
765 3035 876 3096 renium
897 3035 972 3114 parti
996 3035 1097 3097 lamnis

10 3143 11 3188 1
92 3124 246 3204 frigidiore
263 3130 366 3184 natura
381 3120 516 3183 inhibere
529 3121 653 3200 impetus
667 3120 798 3199 veneris,
816 3120 937 3198 visaque
952 3120 981 3181 in
998 3121 1097 3200 quiete

10 3209 11 3216 ’
95 3211 217 3273 veneria
242 3216 351 3288 sponte
377 3215 497 3269 naturae
524 3207 704 3284 erumpentia
728 3223 820 3284 usque
843 3201 872 3264 in
895 3224 988 3283 genus
1003 3206 1097 3268 morbi
1192 3267 1196 3274 ,

66 3293 139 3360 aslis
162 3295 265 3356 lamnis
287 3291 395 3355 Calvos
428 3300 528 3354 orator
558 3289 727 3352 cohibuisse
757 3310 791 3353 se
820 3289 941 3351 traditur
968 3292 1098 3369 virisque

97 3381 231 3460 corporis
248 3379 409 3441 studiorum
423 3377 518 3439 labori
532 3375 704 3438 custodisse.
728 3373 822 3454 Nero,
838 3377 971 3454 quoniam
985 3377 1024 3436 ita
1040 3374 1099 3452 pla·

98 3467 155 3527 cuit
171 3466 232 3544 dis,
249 3466 405 3544 princeps,
420 3463 512 3524 lamna
527 3462 641 3541 pectori
656 3461 783 3540 inposita
800 3460 853 3522 sub
870 3479 905 3520 ea
921 3461 1032 3520 cantica
1050 3475 1099 3516 ex-

99 3551 224 3612 clamans
240 3550 353 3612 alendis
369 3549 493 3611 vocibus
519 3547 727 3608 demonstravit
743 3547 896 3606 rationem.
931 3539 1073 3617 coquitur
1092 3543 1140 3597 167
