<?xml version="1.0" encoding="UTF-8"?>
<!DOCTYPE html PUBLIC "-//W3C//DTD XHTML 1.0 Transitional//EN"
    "http://www.w3.org/TR/xhtml1/DTD/xhtml1-transitional.dtd">
<html xmlns="http://www.w3.org/1999/xhtml" xml:lang="en" lang="en">
 <head>
  <title>
</title>
<meta http-equiv="Content-Type" content="text/html;charset=utf-8" />
  <meta name='ocr-system' content='tesseract 3.04.00' />
  <meta name='ocr-capabilities' content='ocr_page ocr_carea ocr_par ocr_line ocrx_word'/>
</head>
<body>
  <div class='ocr_page' id='page_1' title='image "./naturalishistor01plingoog/naturalishistor01plingoog_0193.png"; bbox 0 0 2510 3898; ppageno 0'>
   <div class='ocr_carea' id='block_1_1' title="bbox 273 239 1087 325">
    <p class='ocr_par' dir='ltr' id='par_1_1' title="bbox 273 239 1087 325">
     <span class='ocr_line' id='line_1_1' title="bbox 273 239 1087 325; baseline 0.007 -25"><span class='ocrx_word' id='word_1_1' title='bbox 273 253 353 300; x_wconf 80' lang='lat' dir='ltr'><strong>unu.</strong></span> <span class='ocrx_word' id='word_1_2' title='bbox 379 252 470 302; x_wconf 82' lang='lat' dir='ltr'><strong>mer.</strong></span> <span class='ocrx_word' id='word_1_3' title='bbox 492 253 600 302; x_wconf 86' lang='lat' dir='ltr'><strong>xxxv.</strong></span> <span class='ocrx_word' id='word_1_4' title='bbox 621 253 648 308; x_wconf 84' lang='lat' dir='ltr'><strong>a.</strong></span> <span class='ocrx_word' id='word_1_5' title='bbox 674 255 716 306; x_wconf 83' lang='lat' dir='ltr'><strong>lo.</strong></span> <span class='ocrx_word' id='word_1_6' title='bbox 737 239 889 325; x_wconf 75' lang='lat' dir='ltr'><strong>(os-eo.)</strong></span> <span class='ocrx_word' id='word_1_7' title='bbox 1048 244 1087 306; x_wconf 82' lang='lat'><strong>79</strong></span> 
     </span>
    </p>
   </div>
   <div class='ocr_carea' id='block_1_2' title="bbox 11 407 1131 3636">
    <p class='ocr_par' dir='ltr' id='par_1_2' title="bbox 11 407 1131 3636">
     <span class='ocr_line' id='line_1_2' title="bbox 69 407 1088 491; baseline 0.007 -23"><span class='ocrx_word' id='word_1_8' title='bbox 69 424 169 487; x_wconf 86' lang='lat' dir='ltr'><strong>posse</strong></span> <span class='ocrx_word' id='word_1_9' title='bbox 191 407 322 487; x_wconf 89' lang='lat' dir='ltr'><strong>diceret,</strong></span> <span class='ocrx_word' id='word_1_10' title='bbox 342 409 428 470; x_wconf 91' lang='lat' dir='ltr'><strong>sicuti</strong></span> <span class='ocrx_word' id='word_1_11' title='bbox 445 410 612 472; x_wconf 78' lang='lat' dir='ltr'><strong>Alcmenam</strong></span> <span class='ocrx_word' id='word_1_12' title='bbox 633 410 862 491; x_wconf 70' lang='lat' dir='ltr'><strong>Agragantinis,</strong></span> <span class='ocrx_word' id='word_1_13' title='bbox 881 412 958 473; x_wconf 88' lang='lat' dir='ltr'><strong>Pana</strong></span> <span class='ocrx_word' id='word_1_14' title='bbox 977 413 1088 476; x_wconf 89' lang='lat' dir='ltr'><strong>Arche·</strong></span> 
     </span>
     <span class='ocr_line' id='line_1_3' title="bbox 69 492 1131 576; baseline 0.011 -24"><span class='ocrx_word' id='word_1_15' title='bbox 69 492 130 552; x_wconf 92' lang='lat' dir='ltr'><strong>lao.</strong></span> <span class='ocrx_word' id='word_1_16' title='bbox 177 492 249 553; x_wconf 86' lang='lat' dir='ltr'><strong>lecit</strong></span> <span class='ocrx_word' id='word_1_17' title='bbox 265 501 295 554; x_wconf 86' lang='lat' dir='ltr'><strong>et</strong></span> <span class='ocrx_word' id='word_1_18' title='bbox 315 493 488 574; x_wconf 79' lang='lat' dir='ltr'><strong>Penelopen</strong></span> <span class='ocrx_word' id='word_1_19' title='bbox 510 496 611 575; x_wconf 91' lang='lat' dir='ltr'><strong>inqua</strong></span> <span class='ocrx_word' id='word_1_20' title='bbox 628 497 760 574; x_wconf 84' lang='lat' dir='ltr'><strong>pinxisse</strong></span> <span class='ocrx_word' id='word_1_21' title='bbox 774 515 874 558; x_wconf 88' lang='lat' dir='ltr'><strong>mores</strong></span> <span class='ocrx_word' id='word_1_22' title='bbox 891 498 1024 576; x_wconf 87' lang='lat' dir='ltr'><strong>videtur,</strong></span> <span class='ocrx_word' id='word_1_23' title='bbox 1052 507 1083 560; x_wconf 89' lang='lat' dir='ltr'><strong>et</strong></span> <span class='ocrx_word' id='word_1_24' title='bbox 1095 509 1131 564; x_wconf 80' lang='grc'><strong>66</strong></span> 
     </span>
     <span class='ocr_line' id='line_1_4' title="bbox 69 576 1088 660; baseline 0.005 -24"><span class='ocrx_word' id='word_1_25' title='bbox 69 576 232 655; x_wconf 78' lang='lat' dir='ltr'><strong>athletam,</strong></span> <span class='ocrx_word' id='word_1_26' title='bbox 249 578 383 658; x_wconf 79' lang='lat' dir='ltr'><strong>adeoque</strong></span> <span class='ocrx_word' id='word_1_27' title='bbox 396 582 425 639; x_wconf 93' lang='lat' dir='ltr'><strong>in</strong></span> <span class='ocrx_word' id='word_1_28' title='bbox 440 579 492 641; x_wconf 90' lang='lat' dir='ltr'><strong>illo</strong></span> <span class='ocrx_word' id='word_1_29' title='bbox 510 581 566 641; x_wconf 92' lang='lat' dir='ltr'><strong>sihi</strong></span> <span class='ocrx_word' id='word_1_30' title='bbox 582 580 690 660; x_wconf 79' lang='lat' dir='ltr'><strong>placuit</strong></span> <span class='ocrx_word' id='word_1_31' title='bbox 705 590 737 640; x_wconf 88' lang='lat' dir='ltr'><strong>ut</strong></span> <span class='ocrx_word' id='word_1_32' title='bbox 754 599 869 642; x_wconf 86' lang='lat' dir='ltr'><strong>uersum</strong></span> <span class='ocrx_word' id='word_1_33' title='bbox 885 581 1088 645; x_wconf 78' lang='lat' dir='ltr'><strong>subscriberet</strong></span> 
     </span>
     <span class='ocr_line' id='line_1_5' title="bbox 69 661 1085 746; baseline 0.005 -24"><span class='ocrx_word' id='word_1_34' title='bbox 69 661 228 723; x_wconf 81' lang='lat' dir='ltr'><strong>celebrem</strong></span> <span class='ocrx_word' id='word_1_35' title='bbox 240 680 280 722; x_wconf 87' lang='lat' dir='ltr'><strong>ex</strong></span> <span class='ocrx_word' id='word_1_36' title='bbox 292 681 347 742; x_wconf 89' lang='lat' dir='ltr'><strong>eo,</strong></span> <span class='ocrx_word' id='word_1_37' title='bbox 363 664 521 725; x_wconf 87' lang='lat' dir='ltr'><strong>invisurum</strong></span> <span class='ocrx_word' id='word_1_38' title='bbox 537 664 660 744; x_wconf 85' lang='lat' dir='ltr'><strong>aliquem</strong></span> <span class='ocrx_word' id='word_1_39' title='bbox 675 665 790 726; x_wconf 86' lang='lat' dir='ltr'><strong>facilius</strong></span> <span class='ocrx_word' id='word_1_40' title='bbox 805 683 889 746; x_wconf 87' lang='lat' dir='ltr'><strong>quam</strong></span> <span class='ocrx_word' id='word_1_41' title='bbox 903 667 1085 727; x_wconf 90' lang='lat' dir='ltr'><strong>imitaturum.</strong></span> 
     </span>
     <span class='ocr_line' id='line_1_6' title="bbox 50 744 1087 830; baseline 0.005 -24"><span class='ocrx_word' id='word_1_42' title='bbox 50 744 248 824; x_wconf 71' lang='lat' dir='ltr'><strong>sllagnilicus</strong></span> <span class='ocrx_word' id='word_1_43' title='bbox 267 757 315 808; x_wconf 90' lang='lat' dir='ltr'><strong>est</strong></span> <span class='ocrx_word' id='word_1_44' title='bbox 336 757 366 810; x_wconf 90' lang='lat' dir='ltr'><strong>et</strong></span> <span class='ocrx_word' id='word_1_45' title='bbox 380 747 513 830; x_wconf 89' lang='lat' dir='ltr'><strong>luppiter</strong></span> <span class='ocrx_word' id='word_1_46' title='bbox 532 751 595 810; x_wconf 89' lang='lat' dir='ltr'><strong>eius</strong></span> <span class='ocrx_word' id='word_1_47' title='bbox 611 752 640 810; x_wconf 95' lang='lat' dir='ltr'><strong>in</strong></span> <span class='ocrx_word' id='word_1_48' title='bbox 658 748 764 812; x_wconf 89' lang='lat' dir='ltr'><strong>throno</strong></span> <span class='ocrx_word' id='word_1_49' title='bbox 787 751 968 812; x_wconf 87' lang='lat' dir='ltr'><strong>adstantibus</strong></span> <span class='ocrx_word' id='word_1_50' title='bbox 990 751 1034 812; x_wconf 93' lang='lat' dir='ltr'><strong>dis</strong></span> <span class='ocrx_word' id='word_1_51' title='bbox 1055 761 1087 812; x_wconf 87' lang='lat' dir='ltr'><strong>et</strong></span> 
     </span>
     <span class='ocr_line' id='line_1_7' title="bbox 69 829 1087 914; baseline 0.006 -24"><span class='ocrx_word' id='word_1_52' title='bbox 69 829 220 892; x_wconf 88' lang='lat' dir='ltr'><strong>Hercules</strong></span> <span class='ocrx_word' id='word_1_53' title='bbox 245 832 340 893; x_wconf 87' lang='lat' dir='ltr'><strong>inians</strong></span> <span class='ocrx_word' id='word_1_54' title='bbox 356 833 499 895; x_wconf 85' lang='lat' dir='ltr'><strong>dracones</strong></span> <span class='ocrx_word' id='word_1_55' title='bbox 516 835 700 914; x_wconf 89' lang='lat' dir='ltr'><strong>strangulans</strong></span> <span class='ocrx_word' id='word_1_56' title='bbox 715 834 855 897; x_wconf 78' lang='lat' dir='ltr'><strong>Alcmena</strong></span> <span class='ocrx_word' id='word_1_57' title='bbox 875 844 968 898; x_wconf 88' lang='lat' dir='ltr'><strong>matre</strong></span> <span class='ocrx_word' id='word_1_58' title='bbox 989 853 1087 897; x_wconf 90' lang='lat' dir='ltr'><strong>coram</strong></span> 
     </span>
     <span class='ocr_line' id='line_1_8' title="bbox 70 916 1130 1000; baseline 0.009 -25"><span class='ocrx_word' id='word_1_59' title='bbox 70 925 204 995; x_wconf 83' lang='lat' dir='ltr'><strong>pavente</strong></span> <span class='ocrx_word' id='word_1_60' title='bbox 221 925 252 977; x_wconf 91' lang='lat' dir='ltr'><strong>et</strong></span> <span class='ocrx_word' id='word_1_61' title='bbox 267 916 490 997; x_wconf 76' lang='lat' dir='ltr'><strong>Amphitryone.</strong></span> <span class='ocrx_word' id='word_1_62' title='bbox 521 919 749 998; x_wconf 89' lang='lat' dir='ltr'><strong>reprehenditur</strong></span> <span class='ocrx_word' id='word_1_63' title='bbox 764 929 859 983; x_wconf 87' lang='lat' dir='ltr'><strong>tamen</strong></span> <span class='ocrx_word' id='word_1_64' title='bbox 874 939 929 983; x_wconf 89' lang='lat' dir='ltr'><strong>ceu</strong></span> <span class='ocrx_word' id='word_1_65' title='bbox 944 921 1130 1000; x_wconf 77' lang='lat' dir='ltr'><strong>grandinos</strong></span> 
     </span>
     <span class='ocr_line' id='line_1_9' title="bbox 71 1002 1085 1085; baseline 0.006 -25"><span class='ocrx_word' id='word_1_66' title='bbox 71 1003 99 1060; x_wconf 88' lang='lat' dir='ltr'><strong>in</strong></span> <span class='ocrx_word' id='word_1_67' title='bbox 123 1002 276 1080; x_wconf 90' lang='lat' dir='ltr'><strong>capitibus</strong></span> <span class='ocrx_word' id='word_1_68' title='bbox 292 1003 501 1083; x_wconf 87' lang='lat' dir='ltr'><strong>articulisque,</strong></span> <span class='ocrx_word' id='word_1_69' title='bbox 522 1004 631 1083; x_wconf 87' lang='lat' dir='ltr'><strong>alioqui</strong></span> <span class='ocrx_word' id='word_1_70' title='bbox 648 1013 743 1065; x_wconf 89' lang='lat' dir='ltr'><strong>tantus</strong></span> <span class='ocrx_word' id='word_1_71' title='bbox 768 1006 918 1084; x_wconf 90' lang='lat' dir='ltr'><strong>diligentia</strong></span> <span class='ocrx_word' id='word_1_72' title='bbox 942 1015 972 1065; x_wconf 92' lang='lat' dir='ltr'><strong>ut</strong></span> <span class='ocrx_word' id='word_1_73' title='bbox 989 1005 1085 1085; x_wconf 87' lang='lat' dir='ltr'><strong>Agra·</strong></span> 
     </span>
     <span class='ocr_line' id='line_1_10' title="bbox 71 1087 1085 1170; baseline 0.003 -22"><span class='ocrx_word' id='word_1_74' title='bbox 71 1087 205 1164; x_wconf 80' lang='lat' dir='ltr'><strong>gentinis</strong></span> <span class='ocrx_word' id='word_1_75' title='bbox 224 1087 352 1149; x_wconf 85' lang='lat' dir='ltr'><strong>facturus</strong></span> <span class='ocrx_word' id='word_1_76' title='bbox 380 1087 505 1150; x_wconf 91' lang='lat' dir='ltr'><strong>tabulam</strong></span> <span class='ocrx_word' id='word_1_77' title='bbox 528 1108 611 1169; x_wconf 90' lang='lat' dir='ltr'><strong>quam</strong></span> <span class='ocrx_word' id='word_1_78' title='bbox 633 1091 790 1170; x_wconf 92' lang='lat' dir='ltr'><strong>intemplo</strong></span> <span class='ocrx_word' id='word_1_79' title='bbox 811 1089 929 1152; x_wconf 91' lang='lat' dir='ltr'><strong>lunonis</strong></span> <span class='ocrx_word' id='word_1_80' title='bbox 950 1090 1085 1151; x_wconf 82' lang='lat' dir='ltr'><strong>Laciniae</strong></span> 
     </span>
     <span class='ocr_line' id='line_1_11' title="bbox 44 1170 1085 1255; baseline 0.006 -25"><span class='ocrx_word' id='word_1_81' title='bbox 44 1170 195 1251; x_wconf 85' lang='lat' dir='ltr'><strong>upuhlice</strong></span> <span class='ocrx_word' id='word_1_82' title='bbox 210 1171 342 1233; x_wconf 90' lang='lat' dir='ltr'><strong>dicarent</strong></span> <span class='ocrx_word' id='word_1_83' title='bbox 360 1173 524 1253; x_wconf 84' lang='lat' dir='ltr'><strong>inspexerit</strong></span> <span class='ocrx_word' id='word_1_84' title='bbox 538 1176 669 1253; x_wconf 90' lang='lat' dir='ltr'><strong>virgines</strong></span> <span class='ocrx_word' id='word_1_85' title='bbox 688 1191 789 1235; x_wconf 89' lang='lat' dir='ltr'><strong>eorum</strong></span> <span class='ocrx_word' id='word_1_86' title='bbox 807 1175 896 1237; x_wconf 90' lang='lat' dir='ltr'><strong>nudas</strong></span> <span class='ocrx_word' id='word_1_87' title='bbox 911 1184 941 1236; x_wconf 91' lang='lat' dir='ltr'><strong>et</strong></span> <span class='ocrx_word' id='word_1_88' title='bbox 958 1176 1085 1255; x_wconf 91' lang='lat' dir='ltr'><strong>quinque</strong></span> 
     </span>
     <span class='ocr_line' id='line_1_12' title="bbox 72 1256 1084 1340; baseline 0.002 -22"><span class='ocrx_word' id='word_1_89' title='bbox 72 1256 221 1334; x_wconf 88' lang='lat' dir='ltr'><strong>elegerit,</strong></span> <span class='ocrx_word' id='word_1_90' title='bbox 235 1265 267 1316; x_wconf 92' lang='lat' dir='ltr'><strong>ut</strong></span> <span class='ocrx_word' id='word_1_91' title='bbox 284 1257 363 1336; x_wconf 92' lang='lat' dir='ltr'><strong>quod</strong></span> <span class='ocrx_word' id='word_1_92' title='bbox 378 1259 407 1317; x_wconf 90' lang='lat' dir='ltr'><strong>in</strong></span> <span class='ocrx_word' id='word_1_93' title='bbox 424 1275 539 1338; x_wconf 90' lang='lat' dir='ltr'><strong>quaque</strong></span> <span class='ocrx_word' id='word_1_94' title='bbox 554 1259 698 1320; x_wconf 91' lang='lat' dir='ltr'><strong>laudatum</strong></span> <span class='ocrx_word' id='word_1_95' title='bbox 710 1269 792 1320; x_wconf 89' lang='lat' dir='ltr'><strong>esset</strong></span> <span class='ocrx_word' id='word_1_96' title='bbox 808 1262 919 1340; x_wconf 90' lang='lat' dir='ltr'><strong>pictura</strong></span> <span class='ocrx_word' id='word_1_97' title='bbox 937 1260 1084 1322; x_wconf 90' lang='lat' dir='ltr'><strong>redderet.</strong></span> 
     </span>
     <span class='ocr_line' id='line_1_13' title="bbox 72 1341 1085 1424; baseline 0.003 -23"><span class='ocrx_word' id='word_1_98' title='bbox 72 1343 168 1421; x_wconf 86' lang='lat' dir='ltr'><strong>pinxit</strong></span> <span class='ocrx_word' id='word_1_99' title='bbox 184 1350 216 1404; x_wconf 90' lang='lat' dir='ltr'><strong>et</strong></span> <span class='ocrx_word' id='word_1_100' title='bbox 231 1341 468 1404; x_wconf 82' lang='lat' dir='ltr'><strong>monochromata</strong></span> <span class='ocrx_word' id='word_1_101' title='bbox 483 1362 522 1405; x_wconf 89' lang='lat' dir='ltr'><strong>ex</strong></span> <span class='ocrx_word' id='word_1_102' title='bbox 534 1344 612 1405; x_wconf 92' lang='lat' dir='ltr'><strong>albo.</strong></span> <span class='ocrx_word' id='word_1_103' title='bbox 632 1345 675 1424; x_wconf 86' lang='grc'><strong>[3]</strong></span> <span class='ocrx_word' id='word_1_104' title='bbox 686 1344 836 1424; x_wconf 89' lang='lat' dir='ltr'><strong>Aequales</strong></span> <span class='ocrx_word' id='word_1_105' title='bbox 853 1345 917 1406; x_wconf 87' lang='lat' dir='ltr'><strong>eius</strong></span> <span class='ocrx_word' id='word_1_106' title='bbox 933 1355 963 1406; x_wconf 89' lang='lat' dir='ltr'><strong>et</strong></span> <span class='ocrx_word' id='word_1_107' title='bbox 981 1345 1085 1406; x_wconf 88' lang='lat' dir='ltr'><strong>aemuli</strong></span> 
     </span>
     <span class='ocr_line' id='line_1_14' title="bbox 72 1426 1127 1508; baseline 0.009 -22"><span class='ocrx_word' id='word_1_108' title='bbox 72 1427 157 1487; x_wconf 86' lang='lat' dir='ltr'><strong>inere</strong></span> <span class='ocrx_word' id='word_1_109' title='bbox 177 1426 363 1506; x_wconf 83' lang='lat' dir='ltr'><strong>Timanthes,</strong></span> <span class='ocrx_word' id='word_1_110' title='bbox 379 1427 589 1507; x_wconf 81' lang='lat' dir='ltr'><strong>Androcydes,</strong></span> <span class='ocrx_word' id='word_1_111' title='bbox 611 1429 798 1508; x_wconf 86' lang='lat' dir='ltr'><strong>Eupompus,</strong></span> <span class='ocrx_word' id='word_1_112' title='bbox 820 1429 999 1494; x_wconf 87' lang='lat' dir='ltr'><strong>Parrhasius.</strong></span> <span class='ocrx_word' id='word_1_113' title='bbox 1033 1433 1081 1492; x_wconf 86' lang='lat'><strong>10.</strong></span> <span class='ocrx_word' id='word_1_114' title='bbox 1094 1439 1127 1495; x_wconf 86' lang='grc'><strong>66</strong></span> 
     </span>
     <span class='ocr_line' id='line_1_15' title="bbox 73 1510 1085 1575; baseline 0.002 -4"><span class='ocrx_word' id='word_1_115' title='bbox 73 1510 276 1572; x_wconf 84' lang='lat' dir='ltr'><strong>Descendisse</strong></span> <span class='ocrx_word' id='word_1_116' title='bbox 291 1512 339 1574; x_wconf 93' lang='lat' dir='ltr'><strong>hic</strong></span> <span class='ocrx_word' id='word_1_117' title='bbox 363 1515 391 1574; x_wconf 94' lang='lat' dir='ltr'><strong>in</strong></span> <span class='ocrx_word' id='word_1_118' title='bbox 413 1523 561 1575; x_wconf 89' lang='lat' dir='ltr'><strong>certamen</strong></span> <span class='ocrx_word' id='word_1_119' title='bbox 578 1532 641 1575; x_wconf 89' lang='lat' dir='ltr'><strong>eum</strong></span> <span class='ocrx_word' id='word_1_120' title='bbox 657 1512 788 1575; x_wconf 83' lang='lat' dir='ltr'><strong>Zeuxide</strong></span> <span class='ocrx_word' id='word_1_121' title='bbox 805 1513 936 1575; x_wconf 89' lang='lat' dir='ltr'><strong>traditur.</strong></span> <span class='ocrx_word' id='word_1_122' title='bbox 969 1522 1000 1574; x_wconf 94' lang='lat' dir='ltr'><strong>et</strong></span> <span class='ocrx_word' id='word_1_123' title='bbox 1021 1531 1085 1574; x_wconf 88' lang='lat' dir='ltr'><strong>curu</strong></span> 
     </span>
     <span class='ocr_line' id='line_1_16' title="bbox 47 1597 1084 1678; baseline 0.008 -28"><span class='ocrx_word' id='word_1_124' title='bbox 47 1597 122 1657; x_wconf 85' lang='lat' dir='ltr'><strong>nille</strong></span> <span class='ocrx_word' id='word_1_125' title='bbox 139 1597 301 1658; x_wconf 90' lang='lat' dir='ltr'><strong>detulisset</strong></span> <span class='ocrx_word' id='word_1_126' title='bbox 315 1616 386 1659; x_wconf 86' lang='lat' dir='ltr'><strong>uuas</strong></span> <span class='ocrx_word' id='word_1_127' title='bbox 403 1600 496 1678; x_wconf 90' lang='lat' dir='ltr'><strong>pictas</strong></span> <span class='ocrx_word' id='word_1_128' title='bbox 510 1608 590 1662; x_wconf 89' lang='lat' dir='ltr'><strong>tanto</strong></span> <span class='ocrx_word' id='word_1_129' title='bbox 607 1617 747 1660; x_wconf 87' lang='lat' dir='ltr'><strong>successu</strong></span> <span class='ocrx_word' id='word_1_130' title='bbox 762 1608 794 1659; x_wconf 85' lang='lat' dir='ltr'><strong>at</strong></span> <span class='ocrx_word' id='word_1_131' title='bbox 814 1601 844 1659; x_wconf 94' lang='lat' dir='ltr'><strong>in</strong></span> <span class='ocrx_word' id='word_1_132' title='bbox 860 1615 994 1660; x_wconf 88' lang='lat' dir='ltr'><strong>scaenam</strong></span> <span class='ocrx_word' id='word_1_133' title='bbox 1014 1615 1084 1660; x_wconf 85' lang='lat' dir='ltr'><strong>aves</strong></span> 
     </span>
     <span class='ocr_line' id='line_1_17' title="bbox 74 1681 1085 1763; baseline 0.003 -21"><span class='ocrx_word' id='word_1_134' title='bbox 74 1681 268 1758; x_wconf 85' lang='lat' dir='ltr'><strong>advolarent,</strong></span> <span class='ocrx_word' id='word_1_135' title='bbox 292 1685 359 1762; x_wconf 88' lang='lat' dir='ltr'><strong>ipse</strong></span> <span class='ocrx_word' id='word_1_136' title='bbox 382 1683 525 1745; x_wconf 88' lang='lat' dir='ltr'><strong>detulisse</strong></span> <span class='ocrx_word' id='word_1_137' title='bbox 552 1683 671 1746; x_wconf 90' lang='lat' dir='ltr'><strong>linteum</strong></span> <span class='ocrx_word' id='word_1_138' title='bbox 694 1685 802 1763; x_wconf 90' lang='lat' dir='ltr'><strong>pictum</strong></span> <span class='ocrx_word' id='word_1_139' title='bbox 824 1685 864 1744; x_wconf 91' lang='lat' dir='ltr'><strong>ita</strong></span> <span class='ocrx_word' id='word_1_140' title='bbox 889 1687 1016 1746; x_wconf 83' lang='lat' dir='ltr'><strong>veritate</strong></span> <span class='ocrx_word' id='word_1_141' title='bbox 1038 1702 1085 1745; x_wconf 89' lang='lat' dir='ltr'><strong>re·</strong></span> 
     </span>
     <span class='ocr_line' id='line_1_18' title="bbox 75 1766 1085 1848; baseline 0.001 -21"><span class='ocrx_word' id='word_1_142' title='bbox 75 1776 261 1845; x_wconf 89' lang='lat' dir='ltr'><strong>praesentata</strong></span> <span class='ocrx_word' id='word_1_143' title='bbox 284 1777 314 1827; x_wconf 92' lang='lat' dir='ltr'><strong>ut</strong></span> <span class='ocrx_word' id='word_1_144' title='bbox 338 1766 446 1828; x_wconf 84' lang='lat' dir='ltr'><strong>Zeuxis</strong></span> <span class='ocrx_word' id='word_1_145' title='bbox 467 1769 566 1829; x_wconf 89' lang='lat' dir='ltr'><strong>alitum</strong></span> <span class='ocrx_word' id='word_1_146' title='bbox 589 1770 695 1830; x_wconf 86' lang='lat' dir='ltr'><strong>iudicio</strong></span> <span class='ocrx_word' id='word_1_147' title='bbox 719 1777 832 1831; x_wconf 89' lang='lat' dir='ltr'><strong>tumens</strong></span> <span class='ocrx_word' id='word_1_148' title='bbox 855 1768 999 1848; x_wconf 90' lang='lat' dir='ltr'><strong>llagitaret</strong></span> <span class='ocrx_word' id='word_1_149' title='bbox 1021 1777 1085 1829; x_wconf 84' lang='lat' dir='ltr'><strong>tan·</strong></span> 
     </span>
     <span class='ocr_line' id='line_1_19' title="bbox 75 1852 1084 1934; baseline 0.001 -22"><span class='ocrx_word' id='word_1_150' title='bbox 75 1852 138 1913; x_wconf 92' lang='lat' dir='ltr'><strong>dem</strong></span> <span class='ocrx_word' id='word_1_151' title='bbox 154 1862 273 1914; x_wconf 90' lang='lat' dir='ltr'><strong>remoto</strong></span> <span class='ocrx_word' id='word_1_152' title='bbox 290 1852 382 1914; x_wconf 90' lang='lat' dir='ltr'><strong>linteo</strong></span> <span class='ocrx_word' id='word_1_153' title='bbox 408 1853 522 1916; x_wconf 90' lang='lat' dir='ltr'><strong>ostendi</strong></span> <span class='ocrx_word' id='word_1_154' title='bbox 541 1855 683 1933; x_wconf 85' lang='lat' dir='ltr'><strong>picturam</strong></span> <span class='ocrx_word' id='word_1_155' title='bbox 705 1863 791 1934; x_wconf 90' lang='lat' dir='ltr'><strong>atque</strong></span> <span class='ocrx_word' id='word_1_156' title='bbox 809 1854 963 1916; x_wconf 90' lang='lat' dir='ltr'><strong>intellecto</strong></span> <span class='ocrx_word' id='word_1_157' title='bbox 980 1871 1084 1916; x_wconf 89' lang='lat' dir='ltr'><strong>errore</strong></span> 
     </span>
     <span class='ocr_line' id='line_1_20' title="bbox 75 1937 1084 2019; baseline 0 -21"><span class='ocrx_word' id='word_1_158' title='bbox 75 1937 254 1998; x_wconf 86' lang='lat' dir='ltr'><strong>concederet</strong></span> <span class='ocrx_word' id='word_1_159' title='bbox 275 1937 397 2016; x_wconf 89' lang='lat' dir='ltr'><strong>palmam</strong></span> <span class='ocrx_word' id='word_1_160' title='bbox 412 1939 542 2017; x_wconf 90' lang='lat' dir='ltr'><strong>ingenuo</strong></span> <span class='ocrx_word' id='word_1_161' title='bbox 558 1939 688 2019; x_wconf 88' lang='lat' dir='ltr'><strong>pudore,</strong></span> <span class='ocrx_word' id='word_1_162' title='bbox 709 1941 844 2018; x_wconf 84' lang='lat' dir='ltr'><strong>quonimn</strong></span> <span class='ocrx_word' id='word_1_163' title='bbox 860 1941 927 2019; x_wconf 87' lang='lat' dir='ltr'><strong>ipse</strong></span> <span class='ocrx_word' id='word_1_164' title='bbox 948 1940 1084 2000; x_wconf 84' lang='lat' dir='ltr'><strong>volucres</strong></span> 
     </span>
     <span class='ocr_line' id='line_1_21' title="bbox 50 2022 1127 2105; baseline 0.011 -27"><span class='ocrx_word' id='word_1_165' title='bbox 50 2023 246 2099; x_wconf 80' lang='lat' dir='ltr'><strong>olelellisset,</strong></span> <span class='ocrx_word' id='word_1_166' title='bbox 261 2022 434 2084; x_wconf 88' lang='lat' dir='ltr'><strong>Parrhasius</strong></span> <span class='ocrx_word' id='word_1_167' title='bbox 450 2033 545 2084; x_wconf 87' lang='lat' dir='ltr'><strong>autern</strong></span> <span class='ocrx_word' id='word_1_168' title='bbox 561 2043 594 2085; x_wconf 89' lang='lat' dir='ltr'><strong>se</strong></span> <span class='ocrx_word' id='word_1_169' title='bbox 610 2025 762 2086; x_wconf 82' lang='lat' dir='ltr'><strong>artificem.</strong></span> <span class='ocrx_word' id='word_1_170' title='bbox 780 2026 823 2105; x_wconf 80' lang='lat' dir='ltr'><strong>{ll</strong></span> <span class='ocrx_word' id='word_1_171' title='bbox 839 2025 944 2086; x_wconf 84' lang='lat' dir='ltr'><strong>Fertur</strong></span> <span class='ocrx_word' id='word_1_172' title='bbox 959 2033 989 2086; x_wconf 92' lang='lat' dir='ltr'><strong>et</strong></span> <span class='ocrx_word' id='word_1_173' title='bbox 1002 2032 1082 2102; x_wconf 92' lang='lat' dir='ltr'><strong>post·</strong></span> <span class='ocrx_word' id='word_1_174' title='bbox 1092 2031 1127 2089; x_wconf 82' lang='lat'><strong>66</strong></span> 
     </span>
     <span class='ocr_line' id='line_1_22' title="bbox 77 2106 1084 2188; baseline 0.001 -21"><span class='ocrx_word' id='word_1_175' title='bbox 77 2126 108 2168; x_wconf 92' lang='lat' dir='ltr'><strong>ea</strong></span> <span class='ocrx_word' id='word_1_176' title='bbox 134 2106 246 2168; x_wconf 83' lang='lat' dir='ltr'><strong>Zeuxis</strong></span> <span class='ocrx_word' id='word_1_177' title='bbox 272 2109 404 2186; x_wconf 89' lang='lat' dir='ltr'><strong>pinxisse</strong></span> <span class='ocrx_word' id='word_1_178' title='bbox 429 2125 550 2188; x_wconf 88' lang='lat' dir='ltr'><strong>puerum</strong></span> <span class='ocrx_word' id='word_1_179' title='bbox 580 2126 651 2170; x_wconf 87' lang='lat' dir='ltr'><strong>uvas</strong></span> <span class='ocrx_word' id='word_1_180' title='bbox 679 2110 840 2187; x_wconf 80' lang='lat' dir='ltr'><strong>ferentem,</strong></span> <span class='ocrx_word' id='word_1_181' title='bbox 874 2111 910 2171; x_wconf 88' lang='lat' dir='ltr'><strong>ad</strong></span> <span class='ocrx_word' id='word_1_182' title='bbox 932 2128 1002 2188; x_wconf 89' lang='lat' dir='ltr'><strong>quas</strong></span> <span class='ocrx_word' id='word_1_183' title='bbox 1021 2127 1084 2169; x_wconf 90' lang='lat' dir='ltr'><strong>cum</strong></span> 
     </span>
     <span class='ocr_line' id='line_1_23' title="bbox 76 2192 1084 2273; baseline 0 -20"><span class='ocrx_word' id='word_1_184' title='bbox 76 2192 264 2254; x_wconf 87' lang='lat' dir='ltr'><strong>advolassent</strong></span> <span class='ocrx_word' id='word_1_185' title='bbox 284 2210 373 2270; x_wconf 85' lang='lat' dir='ltr'><strong>aves,</strong></span> <span class='ocrx_word' id='word_1_186' title='bbox 397 2193 498 2254; x_wconf 87' lang='lat' dir='ltr'><strong>eadem</strong></span> <span class='ocrx_word' id='word_1_187' title='bbox 514 2195 697 2272; x_wconf 82' lang='lat' dir='ltr'><strong>ingenuitate</strong></span> <span class='ocrx_word' id='word_1_188' title='bbox 717 2195 865 2273; x_wconf 89' lang='lat' dir='ltr'><strong>processit</strong></span> <span class='ocrx_word' id='word_1_189' title='bbox 886 2196 976 2255; x_wconf 89' lang='lat' dir='ltr'><strong>iratus</strong></span> <span class='ocrx_word' id='word_1_190' title='bbox 1000 2194 1084 2273; x_wconf 90' lang='lat' dir='ltr'><strong>operi</strong></span> 
     </span>
     <span class='ocr_line' id='line_1_24' title="bbox 77 2277 1084 2359; baseline 0.001 -22"><span class='ocrx_word' id='word_1_191' title='bbox 77 2287 105 2338; x_wconf 90' lang='lat' dir='ltr'><strong>et</strong></span> <span class='ocrx_word' id='word_1_192' title='bbox 119 2277 212 2338; x_wconf 90' lang='lat' dir='ltr'><strong>dixit:</strong></span> <span class='ocrx_word' id='word_1_193' title='bbox 228 2293 299 2338; x_wconf 91' lang='lat' dir='ltr'><strong>uvas</strong></span> <span class='ocrx_word' id='word_1_194' title='bbox 315 2277 419 2338; x_wconf 88' lang='lat' dir='ltr'><strong>melius</strong></span> <span class='ocrx_word' id='word_1_195' title='bbox 434 2280 514 2359; x_wconf 91' lang='lat' dir='ltr'><strong>pinxi</strong></span> <span class='ocrx_word' id='word_1_196' title='bbox 531 2296 615 2358; x_wconf 88' lang='lat' dir='ltr'><strong>quarn</strong></span> <span class='ocrx_word' id='word_1_197' title='bbox 630 2296 761 2358; x_wconf 89' lang='lat' dir='ltr'><strong>puerum,</strong></span> <span class='ocrx_word' id='word_1_198' title='bbox 777 2297 840 2338; x_wconf 91' lang='lat' dir='ltr'><strong>nam</strong></span> <span class='ocrx_word' id='word_1_199' title='bbox 858 2280 882 2340; x_wconf 92' lang='lat' dir='ltr'><strong>si</strong></span> <span class='ocrx_word' id='word_1_200' title='bbox 899 2287 929 2340; x_wconf 91' lang='lat' dir='ltr'><strong>et</strong></span> <span class='ocrx_word' id='word_1_201' title='bbox 944 2278 1001 2339; x_wconf 93' lang='lat' dir='ltr'><strong>hoc</strong></span> <span class='ocrx_word' id='word_1_202' title='bbox 1016 2296 1084 2338; x_wconf 90' lang='lat' dir='ltr'><strong>con·</strong></span> 
     </span>
     <span class='ocr_line' id='line_1_25' title="bbox 78 2362 1084 2442; baseline -0.001 -20"><span class='ocrx_word' id='word_1_203' title='bbox 78 2381 281 2441; x_wconf 89' lang='lat' dir='ltr'><strong>sommassem,</strong></span> <span class='ocrx_word' id='word_1_204' title='bbox 300 2381 372 2424; x_wconf 82' lang='lat' dir='ltr'><strong>ares</strong></span> <span class='ocrx_word' id='word_1_205' title='bbox 392 2364 496 2424; x_wconf 87' lang='lat' dir='ltr'><strong>timere</strong></span> <span class='ocrx_word' id='word_1_206' title='bbox 512 2364 685 2425; x_wconf 88' lang='lat' dir='ltr'><strong>debuerant.</strong></span> <span class='ocrx_word' id='word_1_207' title='bbox 712 2362 796 2424; x_wconf 87' lang='lat' dir='ltr'><strong>Fecit</strong></span> <span class='ocrx_word' id='word_1_208' title='bbox 817 2374 848 2424; x_wconf 91' lang='lat' dir='ltr'><strong>et</strong></span> <span class='ocrx_word' id='word_1_209' title='bbox 863 2362 961 2442; x_wconf 86' lang='lat' dir='ltr'><strong>figlina</strong></span> <span class='ocrx_word' id='word_1_210' title='bbox 982 2380 1084 2441; x_wconf 91' lang='lat' dir='ltr'><strong>opera,</strong></span> 
     </span>
     <span class='ocr_line' id='line_1_26' title="bbox 51 2445 1084 2527; baseline -0.003 -19"><span class='ocrx_word' id='word_1_211' title='bbox 51 2457 149 2527; x_wconf 73' lang='lat' dir='ltr'><strong>ttquac</strong></span> <span class='ocrx_word' id='word_1_212' title='bbox 167 2447 233 2508; x_wconf 89' lang='lat' dir='ltr'><strong>sola</strong></span> <span class='ocrx_word' id='word_1_213' title='bbox 249 2449 278 2508; x_wconf 96' lang='lat' dir='ltr'><strong>in</strong></span> <span class='ocrx_word' id='word_1_214' title='bbox 294 2448 448 2510; x_wconf 89' lang='lat' dir='ltr'><strong>Ambracia</strong></span> <span class='ocrx_word' id='word_1_215' title='bbox 465 2448 567 2510; x_wconf 89' lang='lat' dir='ltr'><strong>relicta</strong></span> <span class='ocrx_word' id='word_1_216' title='bbox 585 2457 670 2526; x_wconf 89' lang='lat' dir='ltr'><strong>sunt,</strong></span> <span class='ocrx_word' id='word_1_217' title='bbox 687 2465 750 2510; x_wconf 91' lang='lat' dir='ltr'><strong>cum</strong></span> <span class='ocrx_word' id='word_1_218' title='bbox 766 2445 833 2508; x_wconf 89' lang='lat' dir='ltr'><strong>inde</strong></span> <span class='ocrx_word' id='word_1_219' title='bbox 851 2446 948 2508; x_wconf 84' lang='lat' dir='ltr'><strong>Musas</strong></span> <span class='ocrx_word' id='word_1_220' title='bbox 964 2447 1084 2509; x_wconf 79' lang='lat' dir='ltr'><strong>l&#39;ulvius</strong></span> 
     </span>
     <span class='ocr_line' id='line_1_27' title="bbox 11 2529 1085 2598; baseline -0.007 0"><span class='ocrx_word' id='word_1_221' title='bbox 11 2531 12 2598; x_wconf 63' lang='lat' dir='ltr'><strong>Q</strong></span> <span class='ocrx_word' id='word_1_222' title='bbox 78 2531 214 2594; x_wconf 89' lang='lat' dir='ltr'><strong>Nobilior</strong></span> <span class='ocrx_word' id='word_1_223' title='bbox 231 2532 352 2593; x_wconf 85' lang='lat' dir='ltr'><strong>Romam</strong></span> <span class='ocrx_word' id='word_1_224' title='bbox 372 2534 555 2594; x_wconf 79' lang='lat' dir='ltr'><strong>transferret.</strong></span> <span class='ocrx_word' id='word_1_225' title='bbox 586 2532 725 2595; x_wconf 83' lang='lat' dir='ltr'><strong>Zeuxidis</strong></span> <span class='ocrx_word' id='word_1_226' title='bbox 741 2549 824 2593; x_wconf 92' lang='lat' dir='ltr'><strong>manu</strong></span> <span class='ocrx_word' id='word_1_227' title='bbox 839 2531 950 2593; x_wconf 85' lang='lat' dir='ltr'><strong>Romae</strong></span> <span class='ocrx_word' id='word_1_228' title='bbox 973 2529 1085 2592; x_wconf 90' lang='lat' dir='ltr'><strong>llelena</strong></span> 
     </span>
     <span class='ocr_line' id='line_1_28' title="bbox 11 2615 1084 2698; baseline -0.003 -19"><span class='ocrx_word' id='word_1_229' title='bbox 11 2625 12 2652; x_wconf 58' lang='lat' dir='ltr'><strong>l</strong></span> <span class='ocrx_word' id='word_1_230' title='bbox 80 2621 164 2679; x_wconf 89' lang='lat' dir='ltr'><strong>estin</strong></span> <span class='ocrx_word' id='word_1_231' title='bbox 182 2617 309 2698; x_wconf 89' lang='lat' dir='ltr'><strong>Philippi</strong></span> <span class='ocrx_word' id='word_1_232' title='bbox 329 2619 509 2697; x_wconf 89' lang='lat' dir='ltr'><strong>porticibus,</strong></span> <span class='ocrx_word' id='word_1_233' title='bbox 529 2627 559 2680; x_wconf 90' lang='lat' dir='ltr'><strong>et</strong></span> <span class='ocrx_word' id='word_1_234' title='bbox 573 2621 603 2679; x_wconf 93' lang='lat' dir='ltr'><strong>in</strong></span> <span class='ocrx_word' id='word_1_235' title='bbox 619 2615 802 2679; x_wconf 79' lang='lat' dir='ltr'><strong>Concordiae</strong></span> <span class='ocrx_word' id='word_1_236' title='bbox 814 2616 939 2678; x_wconf 86' lang='lat' dir='ltr'><strong>delubro</strong></span> <span class='ocrx_word' id='word_1_237' title='bbox 954 2615 1084 2693; x_wconf 81' lang='lat' dir='ltr'><strong>hlarsyas</strong></span> 
     </span>
     <span class='ocr_line' id='line_1_29' title="bbox 79 2702 1124 2784; baseline 0.002 -20"><span class='ocrx_word' id='word_1_238' title='bbox 79 2703 229 2783; x_wconf 87' lang='lat' dir='ltr'><strong>religatus.</strong></span> <span class='ocrx_word' id='word_1_239' title='bbox 246 2703 290 2784; x_wconf 81' lang='lat'><strong>[5]</strong></span> <span class='ocrx_word' id='word_1_240' title='bbox 302 2702 473 2765; x_wconf 89' lang='lat' dir='ltr'><strong>Parrhasius</strong></span> <span class='ocrx_word' id='word_1_241' title='bbox 488 2703 601 2784; x_wconf 84' lang='lat' dir='ltr'><strong>Ephesi</strong></span> <span class='ocrx_word' id='word_1_242' title='bbox 619 2712 703 2764; x_wconf 93' lang='lat' dir='ltr'><strong>natus</strong></span> <span class='ocrx_word' id='word_1_243' title='bbox 720 2706 829 2783; x_wconf 89' lang='lat' dir='ltr'><strong>etipse</strong></span> <span class='ocrx_word' id='word_1_244' title='bbox 844 2702 932 2763; x_wconf 88' lang='lat' dir='ltr'><strong>multa</strong></span> <span class='ocrx_word' id='word_1_245' title='bbox 949 2702 1079 2763; x_wconf 88' lang='lat' dir='ltr'><strong>contulit.</strong></span> <span class='ocrx_word' id='word_1_246' title='bbox 1093 2709 1124 2766; x_wconf 84' lang='grc'><strong>67</strong></span> 
     </span>
     <span class='ocr_line' id='line_1_30' title="bbox 80 2787 1084 2869; baseline -0.004 -19"><span class='ocrx_word' id='word_1_247' title='bbox 80 2791 184 2869; x_wconf 89' lang='lat' dir='ltr'><strong>primus</strong></span> <span class='ocrx_word' id='word_1_248' title='bbox 206 2790 392 2868; x_wconf 75' lang='lat' dir='ltr'><strong>symmetrian</strong></span> <span class='ocrx_word' id='word_1_249' title='bbox 411 2790 542 2868; x_wconf 87' lang='lat' dir='ltr'><strong>picturae</strong></span> <span class='ocrx_word' id='word_1_250' title='bbox 569 2787 666 2866; x_wconf 85' lang='lat' dir='ltr'><strong>dedit,</strong></span> <span class='ocrx_word' id='word_1_251' title='bbox 687 2790 796 2868; x_wconf 87' lang='lat' dir='ltr'><strong>primus</strong></span> <span class='ocrx_word' id='word_1_252' title='bbox 823 2790 954 2866; x_wconf 86' lang='lat' dir='ltr'><strong>argutias</strong></span> <span class='ocrx_word' id='word_1_253' title='bbox 977 2787 1084 2863; x_wconf 90' lang='lat' dir='ltr'><strong>voltus,</strong></span> 
     </span>
     <span class='ocr_line' id='line_1_31' title="bbox 56 2872 1086 2954; baseline -0.005 -18"><span class='ocrx_word' id='word_1_254' title='bbox 56 2875 253 2954; x_wconf 83' lang='lat' dir='ltr'><strong>ttelegantiam</strong></span> <span class='ocrx_word' id='word_1_255' title='bbox 269 2874 383 2954; x_wconf 91' lang='lat' dir='ltr'><strong>capilli,</strong></span> <span class='ocrx_word' id='word_1_256' title='bbox 401 2883 584 2936; x_wconf 85' lang='lat' dir='ltr'><strong>venustatem</strong></span> <span class='ocrx_word' id='word_1_257' title='bbox 599 2875 674 2944; x_wconf 84' lang='lat' dir='ltr'><strong>oris,</strong></span> <span class='ocrx_word' id='word_1_258' title='bbox 692 2874 883 2935; x_wconf 74' lang='lat' dir='ltr'><strong>confessione</strong></span> <span class='ocrx_word' id='word_1_259' title='bbox 898 2872 1038 2932; x_wconf 81' lang='lat' dir='ltr'><strong>artificum</strong></span> <span class='ocrx_word' id='word_1_260' title='bbox 1056 2872 1086 2931; x_wconf 92' lang='lat' dir='ltr'><strong>in</strong></span> 
     </span>
     <span class='ocr_line' id='line_1_32' title="bbox 83 2958 1085 3040; baseline -0.007 -20"><span class='ocrx_word' id='word_1_261' title='bbox 83 2960 154 3021; x_wconf 90' lang='lat' dir='ltr'><strong>liniis</strong></span> <span class='ocrx_word' id='word_1_262' title='bbox 175 2960 317 3020; x_wconf 89' lang='lat' dir='ltr'><strong>extremis</strong></span> <span class='ocrx_word' id='word_1_263' title='bbox 340 2958 461 3038; x_wconf 88' lang='lat' dir='ltr'><strong>palmam</strong></span> <span class='ocrx_word' id='word_1_264' title='bbox 480 2959 614 3040; x_wconf 90' lang='lat' dir='ltr'><strong>adeptus.</strong></span> <span class='ocrx_word' id='word_1_265' title='bbox 652 2958 733 3020; x_wconf 88' lang='lat' dir='ltr'><strong>llaec</strong></span> <span class='ocrx_word' id='word_1_266' title='bbox 752 2967 798 3019; x_wconf 87' lang='lat' dir='ltr'><strong>cst</strong></span> <span class='ocrx_word' id='word_1_267' title='bbox 821 2959 952 3037; x_wconf 88' lang='lat' dir='ltr'><strong>picturae</strong></span> <span class='ocrx_word' id='word_1_268' title='bbox 979 2973 1085 3016; x_wconf 89' lang='lat' dir='ltr'><strong>summa</strong></span> 
     </span>
     <span class='ocr_line' id='line_1_33' title="bbox 83 3040 1086 3125; baseline -0.005 -20"><span class='ocrx_word' id='word_1_269' title='bbox 83 3045 233 3125; x_wconf 87' lang='lat' dir='ltr'><strong>suptilitas.</strong></span> <span class='ocrx_word' id='word_1_270' title='bbox 264 3062 392 3125; x_wconf 86' lang='lat' dir='ltr'><strong>corpora</strong></span> <span class='ocrx_word' id='word_1_271' title='bbox 408 3047 484 3107; x_wconf 91' lang='lat' dir='ltr'><strong>euim</strong></span> <span class='ocrx_word' id='word_1_272' title='bbox 498 3047 623 3124; x_wconf 88' lang='lat' dir='ltr'><strong>pingere</strong></span> <span class='ocrx_word' id='word_1_273' title='bbox 641 3054 673 3106; x_wconf 89' lang='lat' dir='ltr'><strong>et</strong></span> <span class='ocrx_word' id='word_1_274' title='bbox 687 3044 781 3105; x_wconf 90' lang='lat' dir='ltr'><strong>media</strong></span> <span class='ocrx_word' id='word_1_275' title='bbox 797 3059 893 3102; x_wconf 88' lang='lat' dir='ltr'><strong>rerum</strong></span> <span class='ocrx_word' id='word_1_276' title='bbox 908 3049 956 3102; x_wconf 88' lang='lat' dir='ltr'><strong>cst</strong></span> <span class='ocrx_word' id='word_1_277' title='bbox 971 3040 1086 3120; x_wconf 89' lang='lat' dir='ltr'><strong>quidem</strong></span> 
     </span>
     <span class='ocr_line' id='line_1_34' title="bbox 83 3127 1084 3211; baseline -0.003 -22"><span class='ocrx_word' id='word_1_278' title='bbox 83 3134 170 3209; x_wconf 88' lang='lat' dir='ltr'><strong>magni</strong></span> <span class='ocrx_word' id='word_1_279' title='bbox 189 3132 290 3210; x_wconf 93' lang='lat' dir='ltr'><strong>operis</strong></span> <span class='ocrx_word' id='word_1_280' title='bbox 305 3129 358 3191; x_wconf 91' lang='lat' dir='ltr'><strong>sed</strong></span> <span class='ocrx_word' id='word_1_281' title='bbox 376 3131 406 3192; x_wconf 96' lang='lat' dir='ltr'><strong>in</strong></span> <span class='ocrx_word' id='word_1_282' title='bbox 421 3147 479 3211; x_wconf 91' lang='lat' dir='ltr'><strong>quo</strong></span> <span class='ocrx_word' id='word_1_283' title='bbox 494 3131 575 3190; x_wconf 88' lang='lat' dir='ltr'><strong>multi</strong></span> <span class='ocrx_word' id='word_1_284' title='bbox 588 3130 712 3208; x_wconf 87' lang='lat' dir='ltr'><strong>gloriam</strong></span> <span class='ocrx_word' id='word_1_285' title='bbox 723 3127 854 3204; x_wconf 85' lang='lat' dir='ltr'><strong>tulerint,</strong></span> <span class='ocrx_word' id='word_1_286' title='bbox 871 3135 1002 3188; x_wconf 89' lang='lat' dir='ltr'><strong>extrema</strong></span> <span class='ocrx_word' id='word_1_287' title='bbox 1019 3144 1084 3187; x_wconf 88' lang='lat' dir='ltr'><strong>eor·</strong></span> 
     </span>
     <span class='ocr_line' id='line_1_35' title="bbox 84 3211 1084 3294; baseline -0.005 -19"><span class='ocrx_word' id='word_1_288' title='bbox 84 3233 179 3294; x_wconf 86' lang='lat' dir='ltr'><strong>porum</strong></span> <span class='ocrx_word' id='word_1_289' title='bbox 195 3217 295 3277; x_wconf 87' lang='lat' dir='ltr'><strong>iacere</strong></span> <span class='ocrx_word' id='word_1_290' title='bbox 312 3224 344 3276; x_wconf 91' lang='lat' dir='ltr'><strong>et</strong></span> <span class='ocrx_word' id='word_1_291' title='bbox 362 3215 523 3276; x_wconf 87' lang='lat' dir='ltr'><strong>desinentis</strong></span> <span class='ocrx_word' id='word_1_292' title='bbox 541 3216 671 3294; x_wconf 89' lang='lat' dir='ltr'><strong>picturae</strong></span> <span class='ocrx_word' id='word_1_293' title='bbox 692 3213 807 3274; x_wconf 92' lang='lat' dir='ltr'><strong>modum</strong></span> <span class='ocrx_word' id='word_1_294' title='bbox 823 3211 972 3274; x_wconf 89' lang='lat' dir='ltr'><strong>includere</strong></span> <span class='ocrx_word' id='word_1_295' title='bbox 989 3228 1084 3272; x_wconf 88' lang='lat' dir='ltr'><strong>rarum</strong></span> 
     </span>
     <span class='ocr_line' id='line_1_36' title="bbox 57 3296 1126 3376; baseline 0.001 -19"><span class='ocrx_word' id='word_1_296' title='bbox 57 3301 110 3360; x_wconf 81' lang='lat' dir='ltr'><strong>ain</strong></span> <span class='ocrx_word' id='word_1_297' title='bbox 124 3319 261 3362; x_wconf 89' lang='lat' dir='ltr'><strong>successu</strong></span> <span class='ocrx_word' id='word_1_298' title='bbox 280 3301 351 3360; x_wconf 87' lang='lat' dir='ltr'><strong>artis</strong></span> <span class='ocrx_word' id='word_1_299' title='bbox 375 3301 529 3360; x_wconf 89' lang='lat' dir='ltr'><strong>iuvenitur.</strong></span> <span class='ocrx_word' id='word_1_300' title='bbox 561 3299 671 3360; x_wconf 90' lang='lat' dir='ltr'><strong>ambire</strong></span> <span class='ocrx_word' id='word_1_301' title='bbox 688 3300 764 3360; x_wconf 93' lang='lat' dir='ltr'><strong>enim</strong></span> <span class='ocrx_word' id='word_1_302' title='bbox 786 3296 901 3376; x_wconf 89' lang='lat' dir='ltr'><strong>seipsa</strong></span> <span class='ocrx_word' id='word_1_303' title='bbox 925 3297 1013 3358; x_wconf 87' lang='lat' dir='ltr'><strong>dehet</strong></span> <span class='ocrx_word' id='word_1_304' title='bbox 1030 3315 1079 3357; x_wconf 92' lang='lat' dir='ltr'><strong>ex·</strong></span> <span class='ocrx_word' id='word_1_305' title='bbox 1091 3303 1126 3358; x_wconf 86' lang='grc'><strong>68</strong></span> 
     </span>
     <span class='ocr_line' id='line_1_37' title="bbox 86 3381 1086 3464; baseline -0.004 -20"><span class='ocrx_word' id='word_1_306' title='bbox 86 3389 208 3447; x_wconf 76' lang='lat' dir='ltr'><strong>tremitas</strong></span> <span class='ocrx_word' id='word_1_307' title='bbox 225 3395 256 3446; x_wconf 91' lang='lat' dir='ltr'><strong>et</strong></span> <span class='ocrx_word' id='word_1_308' title='bbox 271 3383 462 3446; x_wconf 86' lang='lat' dir='ltr'><strong>sicdesiuere</strong></span> <span class='ocrx_word' id='word_1_309' title='bbox 479 3393 509 3444; x_wconf 92' lang='lat' dir='ltr'><strong>ut</strong></span> <span class='ocrx_word' id='word_1_310' title='bbox 522 3385 672 3464; x_wconf 90' lang='lat' dir='ltr'><strong>promittat</strong></span> <span class='ocrx_word' id='word_1_311' title='bbox 688 3381 743 3444; x_wconf 91' lang='lat' dir='ltr'><strong>alia</strong></span> <span class='ocrx_word' id='word_1_312' title='bbox 761 3390 829 3462; x_wconf 91' lang='lat' dir='ltr'><strong>post</strong></span> <span class='ocrx_word' id='word_1_313' title='bbox 845 3400 878 3442; x_wconf 88' lang='lat' dir='ltr'><strong>se</strong></span> <span class='ocrx_word' id='word_1_314' title='bbox 894 3382 1086 3460; x_wconf 90' lang='lat' dir='ltr'><strong>ostendatque</strong></span> 
     </span>
     <span class='ocr_line' id='line_1_38' title="bbox 87 3466 1086 3551; baseline -0.008 -20"><span class='ocrx_word' id='word_1_315' title='bbox 87 3472 165 3532; x_wconf 87' lang='lat' dir='ltr'><strong>etiam</strong></span> <span class='ocrx_word' id='word_1_316' title='bbox 180 3473 255 3551; x_wconf 88' lang='lat' dir='ltr'><strong>quae</strong></span> <span class='ocrx_word' id='word_1_317' title='bbox 271 3470 409 3533; x_wconf 89' lang='lat' dir='ltr'><strong>occultat.</strong></span> <span class='ocrx_word' id='word_1_318' title='bbox 445 3468 518 3530; x_wconf 91' lang='lat' dir='ltr'><strong>hanc</strong></span> <span class='ocrx_word' id='word_1_319' title='bbox 541 3474 568 3531; x_wconf 90' lang='lat' dir='ltr'><strong>ei</strong></span> <span class='ocrx_word' id='word_1_320' title='bbox 588 3468 713 3547; x_wconf 87' lang='lat' dir='ltr'><strong>gloriam</strong></span> <span class='ocrx_word' id='word_1_321' title='bbox 730 3483 910 3529; x_wconf 83' lang='lat' dir='ltr'><strong>concessere</strong></span> <span class='ocrx_word' id='word_1_322' title='bbox 926 3466 1086 3542; x_wconf 87' lang='lat' dir='ltr'><strong>Antigonus</strong></span> 
     </span>
     <span class='ocr_line' id='line_1_39' title="bbox 87 3549 1086 3636; baseline -0.013 -19"><span class='ocrx_word' id='word_1_323' title='bbox 87 3565 113 3616; x_wconf 88' lang='lat' dir='ltr'><strong>et</strong></span> <span class='ocrx_word' id='word_1_324' title='bbox 135 3555 317 3617; x_wconf 88' lang='lat' dir='ltr'><strong>Xenocrates</strong></span> <span class='ocrx_word' id='word_1_325' title='bbox 348 3557 396 3636; x_wconf 91' lang='lat' dir='ltr'><strong>qni</strong></span> <span class='ocrx_word' id='word_1_326' title='bbox 413 3554 450 3616; x_wconf 89' lang='lat' dir='ltr'><strong>de</strong></span> <span class='ocrx_word' id='word_1_327' title='bbox 474 3556 585 3634; x_wconf 89' lang='lat' dir='ltr'><strong>pictura</strong></span> <span class='ocrx_word' id='word_1_328' title='bbox 607 3555 775 3634; x_wconf 87' lang='lat' dir='ltr'><strong>scripsere,</strong></span> <span class='ocrx_word' id='word_1_329' title='bbox 798 3549 1000 3629; x_wconf 88' lang='lat' dir='ltr'><strong>praedicantes</strong></span> <span class='ocrx_word' id='word_1_330' title='bbox 1017 3563 1086 3624; x_wconf 91' lang='lat' dir='ltr'><strong>quo·</strong></span> 
     </span>
    </p>
   </div>
   <div class='ocr_carea' id='block_1_3' title="bbox 0 0 1264 3898">
    <p class='ocr_par' dir='ltr' id='par_1_3' title="bbox 0 0 1264 3898">
     <span class='ocr_line' id='line_1_40' title="bbox 0 0 1264 3898; baseline 0 0"><span class='ocrx_word' id='word_1_331' title='bbox 0 0 1264 3898; x_wconf 95' lang='lat' dir='ltr'><strong> </strong></span> 
     </span>
    </p>
   </div>
  </div>
 </body>
</html>
