2524 3910
47 210 53 218 '
133 217 192 281 172
472 226 789 313 c.ru1n1sacuno1

132 387 233 448 eadem
244 403 318 466 quae
329 383 526 464 amphicomos
538 394 568 445 et
580 384 809 461 hieromnemon,
820 382 989 443 Democrito
998 377 1130 450 laudatur

131 473 160 531 in
188 472 365 548 argumentis
389 469 602 529 divinationum.
639 467 783 529 llumeoes
814 469 843 527 in
861 465 972 526 Bactris
1001 467 1130 526 nascitur

132 555 207 615 silici
223 555 341 632 similis,
356 553 409 614 sed
420 555 507 630 capiti
519 554 671 632 supposita
685 554 748 612 visa
762 560 901 612 nocturna
919 550 1028 612 oraculi
1042 550 1129 610 modo
1256 557 1257 560 ’

132 637 236 700 reddit.
273 637 423 699 Eumitren
442 637 506 698 Beli
532 655 685 716 gemmam,
715 636 886 697 sanctissimi
910 635 1031 696 deorum
1060 635 1129 712 sibi,

132 722 248 799 Assyrii
264 722 412 802 appellant
433 723 567 800 porracei
584 721 709 797 coloris,
734 720 993 800 superstitionibus
1007 727 1153 798 gratama

94 817 138 872 161
152 806 313 885 Eupetalos
343 813 479 885 quattuor
506 806 624 867 colores
651 803 756 881 habet,
788 803 969 881 caeruleam,
1001 805 1130 882 igneum,

131 893 216 968 mini,
238 890 312 951 mali.
347 889 463 950 Euneos
478 889 602 951 nuculeo
624 889 719 950 olivae
736 888 836 949 similis
858 896 920 965 cst,
940 889 1041 948 striata
1061 904 1132 948 con·

132 974 247 1034 charum
262 974 366 1052 modo,
385 991 444 1036 non
457 974 531 1035 adeo
548 972 675 1035 candida.
705 971 841 1033 Eurotias
857 974 914 1032 situ
927 972 1043 1033 videtur
1058 989 1130 1052 ope·

132 1060 193 1120 rire
208 1059 361 1136 nigritiam.
399 1058 551 1135 Eusebes‚
578 1077 616 1118 ex
633 1074 670 1140 eo
687 1056 783 1136 lapide
805 1065 852 1118 est
868 1075 942 1136 quae
960 1056 1081 1116 traditur
1099 1057 1129 1116 in

133 1142 211 1219 Tyro
225 1142 359 1205 Herculis
373 1141 481 1221 templo
496 1143 571 1203 iacta
586 1142 673 1202 sedes
687 1160 726 1202 er
741 1159 796 1219 qua
807 1142 847 1221 pii
859 1140 945 1202 facila
960 1141 1128 1219 surgebant.
1140 1150 1169 1194 ¹⁰

132 1225 280 1305 Epimelas
295 1226 343 1304 lit,
365 1245 428 1287 cum
442 1229 471 1287 in
485 1226 603 1287 candida
618 1243 730 1304 gemma
744 1242 872 1303 superne
890 1227 1015 1303 nigricat
1033 1224 1128 1286 colos.

92 1320 142 1375 toa
196 1310 277 1390 (59.)
296 1309 433 1372 Galaxian
447 1311 535 1390 aliqui
548 1309 704 1389 galactiten
715 1318 835 1387 vocant,
852 1309 974 1371 similem
989 1327 1130 1388 proxume

132 1394 235 1472 dictis,
263 1395 316 1456 sed
342 1397 601 1456 intercurrentibus
621 1395 788 1472 sanguineis
818 1403 867 1454 aut
887 1393 1014 1454 candidis
1035 1396 1129 1457 venis.

133 1477 283 1539 Galaotitis
300 1498 339 1540 ex
352 1497 410 1540 uno
435 1479 537 1541 colore
559 1478 642 1539 lactis
658 1487 712 1539 est.
750 1476 870 1539 eandem
888 1478 1077 1557 leucogaeam
1099 1487 1131 1540 et

132 1562 372 1643 leucographitim
398 1564 545 1642 appellant
573 1571 604 1623 ct
628 1562 838 1641 syunepbitim,
867 1563 896 1623 in
919 1565 1019 1622 attritu
1045 1562 1166 1624 lactisao

133 1665 203 1708 suco
230 1665 264 1708 ac
291 1665 397 1726 sapore
420 1649 587 1708 notabilem.
627 1648 656 1706 in
677 1645 848 1707 educatione
868 1647 1026 1708 nutricibus
1047 1647 1130 1708 lactis

131 1729 253 1792 fecunda
269 1732 417 1792 infantium
432 1750 549 1812 quoque
564 1731 643 1792 collo
662 1730 814 1808 adalligata
829 1731 947 1791 salivam
960 1731 1060 1792 iacere
1074 1740 1130 1792 tra·

132 1815 225 1893 ditur,
250 1817 279 1876 in
295 1834 347 1876 ore
363 1825 458 1876 autem
474 1815 650 1895 liquescere.
684 1815 804 1877 eandem
821 1817 987 1876 memoriam
1002 1815 1131 1877 adimere

131 1899 236 1960 dicunt.
280 1902 394 1960 mittunt
418 1918 481 1960 eam
501 1898 584 1960 Nilus
611 1908 642 1960 et
663 1898 811 1960 Achelous
842 1917 948 1960 amnes.
992 1909 1058 1960 sunt
1081 1902 1129 1979 qui

89 1993 141 2049 163
152 1983 331 2062 zmaragdum
343 1983 416 2044 albis
430 1985 514 2045 uenis
524 1983 749 2061 circumligatum
760 1984 916 2062 galactiten
927 1993 1042 2045 vocent.
1065 1983 1166 2046 Gal-²⁰

130 2067 203 2128 laica
217 2068 447 2146 argyrodamanti
463 2068 563 2129 similis
579 2076 641 2144 est,
657 2067 754 2147 paullo
766 2068 929 2145 sordidior,
944 2069 1130 2130 inveniuntur

131 2153 246 2212 iunctae
262 2152 348 2213 binae
369 2160 538 2231 ternaeque.
580 2150 777 2213 Gassinnadcn
793 2149 869 2213 Medi
890 2155 1004 2213 mittunt
1018 2151 1130 2213 coloris

132 2234 247 2296 orobini
261 2237 352 2297 ueluti
368 2235 489 2297 lloribus
504 2254 647 2317 sparsam,
663 2237 790 2297 nascitur
806 2244 836 2298 et
850 2239 880 2296 in
899 2237 1028 2299 Arbelis.
1057 2231 1131 2298 hae'c

132 2337 247 2399 quoque
270 2337 382 2398 gemma
405 2323 562 2400 concipere
588 2319 691 2381 dicitur
713 2329 743 2380 et
762 2321 836 2380 intra
857 2339 890 2381 se
911 2329 1023 2400 partum
1043 2322 1129 2382 lateri

89 2413 312 2482 leonensem,
335 2407 492 2484 concipere
518 2414 613 2466 autem
634 2405 772 2464 trimestri
794 2407 898 2484 spatio.
936 2404 1168 2484 Glossopetraas

129 2488 246 2565 linguae
263 2489 364 2549 similis
379 2489 517 2550 humanae
532 2491 561 2549 in
583 2498 661 2550 terra
681 2504 739 2548 non
754 2491 833 2550 nasci
851 2489 971 2566 dicitur,
993 2489 1046 2550 sed
1060 2489 1130 2550 dell·

112 2601 115 2607 ·
131 2574 228 2633 ciente
244 2571 310 2633 luna
324 2573 407 2633 caelo
423 2573 578 2650 decidere,
601 2573 830 2634 selenomantiae
844 2573 1020 2635 necessaria.
1051 2573 1130 2651 quod

130 2674 167 2716 ne
182 2653 385 2734 crederemus,
408 2659 543 2736 promissi
564 2674 680 2736 quoque
697 2657 807 2717 vanitas
824 2657 914 2735 iecit,
934 2665 1038 2718 ventos
1054 2660 1130 2718 enim

131 2755 166 2799 ea
176 2741 316 2818 conprimi
329 2749 454 2803 namant.
483 2740 631 2820 Gorgonia
648 2740 718 2800 nibil
734 2741 810 2802 aliud
822 2751 868 2803 est
883 2760 966 2821 quam
982 2742 1129 2804 curalium.

130 2825 252 2884 nominis
274 2841 376 2896 cansa,
401 2825 478 2904 quod
499 2827 528 2884 in
548 2824 678 2886 duritiam
700 2823 803 2904 lapidis
824 2835 949 2886 mutatur
972 2826 1167 2890 emollitumao

129 2908 255 2967 inmari.
288 2906 360 2968 banc
373 2909 613 2970 fascinationibus
627 2909 770 2970 resistere
786 2910 943 2972 adlirmant.
974 2910 1130 2972 Goniaeam

130 2990 231 3051 eadem
245 2993 372 3053 vanitate
387 2994 565 3053 inimicorum
580 2992 691 3072 poenas
707 2993 827 3054 efficere
843 2996 1020 3073 promittunt.

88 3085 138 3140 165
193 3074 273 3154 (60.)
289 3073 504 3156 Heliotropinm
519 3079 646 3138 nascitur
660 3079 690 3137 in
705 3076 876 3157 Aethiopia,
890 3077 1002 3156 Airica,
1020 3075 1129 3158 Cypro,

128 3175 273 3237 porraceo
289 3159 408 3237 colore,
428 3162 595 3239 sanguineis
609 3161 693 3222 uenis
709 3160 852 3223 distincta.
884 3159 978 3223 Causa
993 3164 1128 3240 nominis,

129 3243 262 3320 quoniam
278 3242 392 3306 deiecta
408 3247 438 3305 in
452 3263 503 3306 vas
519 3263 610 3324 aquae
627 3245 772 3323 fulgorem
793 3246 866 3307 solis
888 3247 1065 3328 accidentem
1083 3265 1129 3308 re·
1139 3263 1165 3307 ao

129 3343 270 3404 percussu
287 3330 449 3406 sanguineo
462 3338 563 3406 mutat,
579 3347 709 3390 marnme
721 3329 905 3410 Aethiopica.
930 3331 1032 3392 eadem
1045 3339 1130 3392 extra

129 3428 228 3489 aquam
240 3412 352 3490 speculi
364 3415 450 3476 modo
460 3413 552 3476 solem
565 3415 669 3493 accipit
680 3413 893 3494 deprenditque
905 3414 1050 3494 deiectus,
1063 3415 1131 3475 snb·

130 3505 244 3558 euntem
267 3497 360 3558 lionam
383 3498 549 3560 ostendens.
576 3497 725 3576 blagorum
743 3499 929 3579 inpudentiae
946 3499 993 3561 vel
1011 3499 1130 3561 maniis·
