2468 3896
330 279 411 328 nar.
435 281 523 329 nrsr.
547 283 685 331 xxxrrrr.
704 281 729 335 a.
748 272 822 351 (19.)
1039 277 1080 338 49

67 435 196 496 Eunicus
222 443 253 494 et
273 433 442 497 Hecataeus
464 440 578 516 argenti
602 439 785 518 caelatores,
804 439 985 520 Lesbocles,
1009 442 1081 504 Pro-

67 521 175 598 dcrus,
199 519 398 599 Pythodicus,
420 520 601 601 Polygnotus
622 525 698 585 idern
721 527 853 604 pictore
876 527 1078 608 nobilissimus,

67 609 136 667 item
153 625 169 664 e
189 605 390 666 caelatoribus
410 605 609 687 Stratonicus,
629 609 767 687 Scymnus
784 608 894 672 Critiae
910 611 1076 691 discipulas.

68 689 131 770 [26]
149 689 236 750 Nunc
251 691 440 769 percensebo
461 710 513 753 eos
534 694 582 771 qui
605 694 735 755 eiusdem
754 696 874 774 generis
891 714 982 776 opera
997 698 1121 765 lece-86

49 783 151 853 crunt,
173 783 207 834 ut
231 774 451 854 Apollodorus,
472 777 678 856 Androbulus,
699 780 949 859 Asclepiodorus,
967 781 1077 843 Alevas

67 858 285 940 philosophos,
313 860 436 939 Apollas
460 870 489 921 et
510 862 656 924 adorantis
678 864 817 942 feminas,
846 866 1024 944 Antignotus
1047 876 1077 928 et

67 947 312 1024 perixyomenum
339 947 592 1026 tyrannicidasque
621 967 708 1027 supra
733 950 845 1028 dictos,
873 950 1073 1030 Antimachus,
1085 972 1108 1006 n

66 1029 279 1090 Athenodorus
290 1030 412 1090 feminas
424 1031 753 1110 nobilis,Arist0demus
766 1043 796 1094 et
807 1034 967 1097 luctatores
980 1033 1076 1115 bigas·

67 1133 121 1194 que
138 1133 205 1174 cum
221 1115 339 1192 auriga,
356 1114 568 1196 philosophos,
580 1135 667 1196 anus,
683 1118 836 1180 Seleucum
848 1138 959 1198 regem.
987 1121 1077 1183 habet

39 1202 189 1278 ingratiam
214 1217 294 1260 suam
315 1199 399 1260 huius
421 1219 538 1280 quoque
554 1201 747 1282 doryphoros.
789 1203 854 1284 [27]
878 1202 1071 1284 Cephisodoti
1084 1215 1117 1271 87

67 1286 121 1345 dno
141 1285 247 1345 luere:
268 1287 378 1364 prioris
397 1295 442 1346 est
457 1285 619 1348 Mercurius
635 1287 771 1348 Liberum
786 1296 898 1367 patrem
913 1292 941 1350 in
957 1291 1075 1351 infantia

66 1373 217 1446 nutriens,
241 1370 312 1430 tecit
336 1378 366 1430 et
386 1373 606 1432 concionantem
621 1391 705 1433 manu
722 1373 815 1450 elata,
841 1391 968 1452 persona
985 1377 1012 1434 in
1033 1378 1075 1434 in·

65 1464 149 1518 certo
168 1463 225 1515 est.
260 1473 389 1533 sequens
406 1454 600 1535 philosophos
616 1458 695 1518 lecit.
728 1455 851 1518 Colotes
867 1461 915 1536 qui
935 1476 998 1518 oum
1009 1459 1075 1519 Phi·

65 1540 108 1602 dia
120 1541 228 1600 lovem
244 1537 407 1619 Olympium
418 1540 530 1602 iecerat
545 1541 751 1621 philosophos,
766 1543 837 1602 item
850 1539 944 1603 Cleon
956 1553 986 1604 et
1000 1541 1074 1604 Ceu·

37 1625 190 1686 ochramis
215 1634 246 1685 et
263 1623 400 1685 Callicles
423 1635 452 1686 et
478 1624 585 1705 Cepis,
608 1625 840 1687 Chalcosthenes
866 1634 896 1688 et
915 1627 1074 1688 comoedos

65 1719 93 1771 et
108 1710 257 1787 athletas,
273 1711 339 1791 [28]
354 1709 484 1790 Daippus
501 1711 744 1790 perixyomenon,
761 1711 911 1791 Daiphron
926 1721 956 1773 et
971 1711 1074 1774 Damo-

64 1798 153 1856 critus
181 1794 364 1876 etDaemon
386 1795 589 1876 philosophos.
633 1796 699 1877 [29]
725 1796 877 1876 Epigonus
896 1799 988 1857 omnia
1006 1798 1070 1859 lere
1082 1809 1117 1864 88

65 1881 216 1959 praedicta
237 1881 365 1940 imitatus
380 1883 546 1959 praecessit
562 1883 591 1941 in
614 1883 742 1943 tubicine
757 1891 786 1942 et
800 1883 883 1942 matri
899 1883 1073 1944 interfectae

66 1968 174 2027 infante
207 1964 417 2025 miserabiliter
445 1965 622 2026 blandiente.
669 1965 775 2027 Eubuli
801 1967 906 2026 mulier
931 1967 1072 2027 admirans

39 2050 215 2128 claudatur,
239 2048 392 2110 Eubulidis
419 2049 517 2128 digitis
539 2060 710 2130 conputans.
751 2051 816 2132 [30]
840 2050 937 2112 Micon
953 2052 1071 2112 athletis

67 2143 234 2216 spectatur,
249 2133 434 2214 Menogenes
451 2135 609 2216 quadrigis.
642 2137 707 2216 [31]
727 2135 789 2196 Nec
807 2138 899 2196 minus
915 2135 1071 2198 Niceratus
1090 2212 1092 2216 ι

67 2222 159 2280 omnia
177 2237 253 2298 quae
268 2221 362 2281 ceteri
384 2219 543 2298 adgressus
560 2222 796 2299 repraesentavit
814 2221 989 2282 Alcibiaden
1005 2222 1072 2282 lam-

65 2305 230 2384 padumque
241 2323 366 2367 accensu
374 2314 494 2371 matrem
505 2307 568 2365 eius
579 2303 754 2366 Demaraten
767 2306 984 2366 sacrificantem.
1002 2306 1067 2385 [32]
1081 2318 1114 2373 89

65 2389 216 2450 Tisicratis
238 2389 326 2468 bigae
349 2389 451 2466 Piston
474 2391 626 2450 mulierem
644 2391 790 2469 inposuit,
816 2390 891 2449 idem
909 2392 981 2450 iecit
998 2390 1071 2450 blar-

38 2485 120 2536 atem
142 2485 174 2535 et
195 2473 371 2536 Mercurium
392 2477 440 2552 qni
464 2483 530 2535 snut
558 2476 587 2535 in
612 2472 794 2535 Concordiae
817 2474 926 2552 templo
950 2472 1069 2534 Romae.

64 2560 203 2622 Perillam
219 2577 305 2620 nemo
322 2560 421 2620 laudet
436 2561 601 2620 saeviorem
617 2559 769 2620 Phalaride
788 2566 922 2638 tyranno,
946 2561 994 2638 qui
1011 2567 1070 2620 tan·

4 2671 5 2682 ¹
64 2665 123 2706 rum
145 2646 218 2707 iecit
238 2645 365 2723 mugitus
388 2644 511 2705 hominis
533 2644 681 2724 pollicitus
704 2645 764 2723 igni
780 2644 895 2704 subdito
914 2653 944 2704 et
961 2645 1070 2724 primus

65 2740 205 2811 expertus
231 2732 390 2790 cruciatum
412 2749 477 2790 eum
500 2731 622 2790 iustiore
640 2731 770 2790 saevitia.
803 2728 859 2790 buc
875 2748 890 2789 a
909 2728 1070 2790 simulacris

65 2815 184 2876 deorum
200 2816 406 2894 hominumque
420 2815 616 2875 devocaverat
631 2814 861 2875 humanissimam
879 2823 978 2874 artem.
1001 2812 1069 2874 ideo

38 2909 106 2962 totot
131 2901 302 2962 conditores
327 2901 391 2960 eius
412 2900 618 2962 laboraverant
633 2909 664 2959 ut
679 2919 717 2961 ex
733 2919 767 2960 ea
783 2907 928 2960 tormenta
948 2897 1068 2958 herent!

66 2988 161 3066 itaque
178 3005 234 3046 una
254 2986 291 3046 de
314 3003 401 3045 causa
424 2992 578 3045 servantur
602 3002 693 3064 opera
715 2985 795 3062 eius,
817 2992 847 3045 ut
872 2985 1002 3061 quisquis
1020 2983 1070 3042 illa

66 3071 161 3132 videat
181 3071 278 3132 oderit
298 3088 406 3130 manus.
448 3068 512 3150 [33]
541 3067 676 3130 Sthennis
697 3067 853 3146 Cererem,
875 3067 993 3145 lavem,
1016 3066 1113 3134 bii-90

67 3175 182 3216 nervam
195 3156 286 3232 lecit,
312 3154 361 3233 qui
378 3157 444 3215 sant
457 3153 569 3214 Romae
589 3156 619 3213 in
637 3152 818 3215 Concordiae
841 3153 969 3231 templo,
993 3152 1070 3213 idem

67 3239 162 3301 dentis
180 3249 328 3302 matronas
345 3247 375 3298 et
391 3239 537 3300 adorantis
554 3239 810 3317 sacrificantisque.
846 3237 946 3298 Simon
969 3256 1069 3298 canem

3 3369 4 3402 ,
38 3334 96 3386 rtet
111 3327 293 3404 sagittarium
310 3323 392 3402 lecit,
409 3324 590 3385 Stratonicus
606 3323 735 3384 caelator
751 3323 801 3383 ille
817 3322 1023 3402 philosophos,
1036 3343 1066 3383 au.
1077 3341 1111 3376 aa

3 3415 4 3434 ³
68 3427 155 3490 copas
172 3418 315 3488 uterque..
338 3408 402 3488 [34]
425 3408 548 3469 athletas
564 3417 658 3469 autem
674 3417 704 3469 et
721 3417 847 3468 armatos
863 3416 893 3467 et
908 3415 1066 3468 venatores
1078 3417 1112 3471 91

69 3495 314 3572 sacrificantisque
332 3492 441 3572 Batou,
464 3491 589 3570 Euchir,
612 3492 784 3570 Glaucides,
804 3491 998 3566 heliodorus,
1021 3489 1068 3549 Hi·

70 3597 173 3657 cauus,
188 3578 320 3657 lophou,
336 3577 450 3657 Lyson,
475 3577 573 3655 Leon,
594 3575 791 3654 bienodorus,
813 3575 967 3653 biyagrus,
983 3573 1068 3649 Poly·

109 3680 188 3723 numu
202 3681 271 3727 nar,
286 3681 363 3729 ursa.
378 3665 415 3724 V.
886 3661 904 3719 4
