2510 3898
156 243 196 306 98
504 251 645 301 ornum
663 250 813 301 sncunnr

158 412 240 474 undis
257 419 288 472 et
303 410 456 471 fortiorem
474 406 600 484 cotidie,
618 409 718 487 utique
740 409 765 468 si
780 405 907 468 Cumano
925 407 1081 471 misceatur
1101 427 1172 470 cae·

117 509 167 565 167
179 493 302 558 mento?
338 491 447 554 Eadem
458 501 509 554 est
527 500 625 554 terrae
647 501 747 554 natura
770 500 800 553 et
818 493 847 552 in
865 490 1010 568 Cyzicena
1028 494 1170 572 regione,

92 635 101 655 ,
159 580 212 642 sed
234 580 274 641 ibi
292 598 351 640 non
366 577 478 657 pulvis,
496 594 597 638 verum
612 579 676 656 ipsa
693 585 771 638 terra
791 595 846 655 qna
861 576 952 638 libeat
966 577 1170 654 magnitudine

159 666 258 728 excisa
274 673 304 726 et
317 665 450 725 demersa
465 664 495 722 in
510 679 590 723 mare
606 661 721 741 lapidea
737 659 905 722 extrahitur.
929 662 985 722 boc
1002 661 1171 724 idemoirca

160 749 371 811 Cassandream
381 746 506 827 produnt
521 746 597 824 lieri,
615 755 646 807 et
661 748 690 806 in
702 748 783 808 ionte
797 743 900 806 Cnidio
916 745 991 807 dulci
1007 747 1082 806 intra
1098 756 1196 808 octos

159 854 275 896 menses
292 841 400 894 terram
416 829 608 912 lapidescere.
653 831 688 892 ab
705 830 806 911 Oropo
823 830 940 911 quidem
954 829 1059 891 Aulida
1073 850 1170 910 usque

161 918 297 998 quidquid
318 917 471 994 attingitur
490 915 560 976 mari
576 924 673 977 terrae
692 924 817 976 mutatur
836 917 866 976 in
884 933 963 977 saxa.
1007 913 1073 976 Non
1096 917 1170 976 mul·

161 1011 248 1063 tuma
268 1001 391 1082 pulvere
410 999 572 1061 Puteolano
587 1000 676 1061 distat
691 1019 711 1060 e
726 999 795 1061 Nilo
809 999 916 1060 harena
935 1001 1104 1061 tenuissima
1120 1003 1168 1061 sui

160 1096 263 1167 parte,
294 1104 353 1147 nou
371 1085 406 1149 ad
423 1083 590 1146 sustinenda
609 1086 698 1145 maria
715 1084 877 1164 ductusque
895 1084 1091 1162 frangendos,
1113 1085 1169 1146 sed

117 1183 170 1239 168
182 1172 217 1233 ad
233 1169 406 1234 debellanda
419 1186 545 1248 corpora
559 1170 722 1249 palaestrae
738 1168 850 1230 studiis.
880 1169 948 1230 iude
964 1177 1046 1230 certe
1062 1168 1165 1230 l’atro·
1181 1191 1207 1234 ao

160 1257 210 1318 bio
227 1255 354 1318 Neronis
377 1255 517 1334 principis
535 1254 643 1315 liberto
662 1253 869 1315 advehebatur.
910 1255 978 1332 quin
993 1262 1024 1314 et
1041 1251 1166 1316 Cratero

160 1350 191 1404 et
211 1340 363 1403 Leonnato
385 1358 419 1400 ao
439 1337 592 1418 Meleagro
613 1337 774 1400 Alexandri
797 1337 894 1416 Hagni
914 1338 1034 1399 ducibus
1055 1339 1168 1400 sablum

160 1426 217 1488 boo
250 1427 360 1505 portari
388 1443 451 1486 cum
475 1424 597 1504 reliquis
626 1423 798 1484 militaribus
827 1424 1007 1484 commerciis
1033 1425 1167 1504 reperio,

162 1513 245 1592 plura
262 1511 299 1572 de
316 1510 369 1573 bac
386 1517 470 1590 parte
485 1527 543 1571 non
559 1509 699 1586 dicturus,
715 1525 783 1585 non,
799 1507 953 1586 Hercules,
974 1509 1065 1586 magis
1082 1527 1168 1588 quam

160 1597 197 1657 de
211 1605 309 1658 terrae
323 1615 376 1656 usu
391 1597 421 1655 in
437 1596 604 1671 ceromatis,
616 1593 721 1672 quibus
733 1591 900 1654 exercendo
915 1594 1049 1654 iuventus
1065 1603 1168 1654 nostra
1178 1611 1204 1653 1⁵

160 1681 295 1760 corporis
312 1681 382 1739 viris
403 1678 500 1757 perdit
513 1681 679 1739 animorum.

122 1773 171 1829 169
232 1766 280 1824 14.
299 1760 378 1846 (48.)
396 1759 493 1834 Quid?
508 1780 566 1823 non
578 1763 607 1822 iu
620 1762 720 1823 Africa
733 1761 929 1843 Hispaniaque
944 1781 961 1823 e
977 1771 1056 1823 terra
1072 1764 1169 1842 parie-

163 1857 209 1908 tes
228 1865 302 1926 qnos
317 1846 465 1926 appellant
479 1847 660 1925 iormaoeos,
683 1849 818 1927 quoniam
834 1848 863 1908 iu
878 1847 970 1908 forma
984 1847 1168 1909 circumdatis

162 1931 272 1993 duabus
296 1933 440 2010 utrimque
456 1931 562 1992 tabulis
578 1931 769 1994 inferciuntur
784 1933 883 1993 verius
903 1949 985 2010 quam
1006 1939 1167 2011 struuntur,

162 2017 243 2078 aevis
261 2016 381 2094 durant,
398 2015 558 2096 incorrupti
572 2016 731 2095 imbribus,
749 2019 860 2095 ventis,
877 2017 1013 2095 ignibus,
1029 2018 1203 2096 omniqueao

163 2109 314 2162 caemento
330 2098 495 2161 firmiores?
527 2108 641 2180 spectat
657 2102 743 2162 etiam
759 2120 834 2162 nuno
849 2101 982 2181 speculas
998 2099 1166 2164 Hannibalis

162 2184 301 2266 Hispania
313 2193 504 2264 terrenasque
517 2187 605 2246 turris
621 2187 698 2265 iugis
712 2187 851 2248 montium
867 2188 1020 2266 inpositas.
1051 2187 1118 2248 bino
1136 2196 1166 2249 et

163 2272 323 2350 caespitum
345 2279 446 2331 natura
467 2278 628 2332 castrorum
647 2270 732 2332 vallis
751 2270 982 2350 adcommodata,
1005 2282 1166 2352 contraque

164 2355 311 2417 fluminum
327 2357 453 2437 impetus
476 2355 647 2435 aggeribus.
678 2356 759 2417 inlini
782 2356 897 2435 quidem
917 2359 1004 2418 cratis
1023 2358 1166 2437 parietum

163 2440 225 2501 luto
241 2449 272 2502 et
287 2440 428 2502 lateribus
445 2440 541 2502 crudis
558 2441 669 2503 exstrui
685 2441 750 2519 quis
766 2438 903 2520 ignorat?
1173 2457 1200 2498 aa

122 2535 172 2591 170
230 2525 308 2606 (49.)
329 2524 451 2586 lateres
464 2542 522 2585 non
537 2534 603 2587 sunt
619 2544 657 2586 ex
671 2524 810 2587 sabuloso
826 2543 921 2604 neque
937 2525 1083 2588 harenoso
1095 2528 1165 2588 mul-

163 2618 254 2689 toque
276 2611 368 2669 minus
392 2609 541 2670 calculoso
557 2609 680 2672 ducendi
696 2609 780 2687 solo,
799 2609 884 2672 sede
907 2619 1026 2672 cretoso
1043 2620 1073 2673 et
1094 2611 1164 2673 albi-

162 2702 248 2755 cante
264 2702 313 2753 aut
327 2713 366 2754 ex
380 2693 497 2754 rubrica
515 2693 565 2754 vel
580 2696 667 2756 etiam
682 2713 699 2755 e
715 2695 837 2773 sabulo,
852 2695 982 2756 masculo
996 2703 1089 2758 certe.
1114 2698 1164 2759 iin-

162 2786 270 2858 guntur
291 2786 409 2857 optume
428 2797 517 2855 vere,
543 2796 607 2839 nam
630 2778 759 2840 solstitio
780 2781 881 2860 rimosi
903 2780 983 2840 liunt.
1024 2781 1165 2844 aediliciis

164 2881 222 2925 non
241 2864 297 2925 nisi
315 2863 408 2924 bimos
424 2862 558 2942 probant.
589 2864 657 2942 quin
673 2871 703 2924 ct
718 2863 845 2926 intritam
860 2864 952 2943 ipsam
969 2882 1068 2927 eorum
1083 2869 1200 2947 priusoo

122 2957 169 3014 171
183 2966 268 3027 quam
289 2949 433 3026 tingantur
453 2949 594 3009 macerari
619 2957 747 3027 oportet.
792 2947 907 3009 Genera
923 2967 1024 3011 eorum
1044 2953 1092 3030 qui
1109 2954 1164 3014 tria

162 3030 291 3110 Lydion,
315 3049 373 3111 quo
396 3033 520 3111 utimur,
548 3032 666 3112 longum
689 3032 912 3113 sesquipedem,
935 3032 1023 3095 latum
1047 3036 1164 3116 pedem,

163 3115 285 3177 alterum
304 3116 493 3195 tetradoron,
516 3119 634 3179 tertium
651 3119 849 3197 pentadoron,
872 3117 975 3180 Graeci
997 3122 1073 3183 enim
1094 3124 1164 3183 anti·

162 3202 210 3278 qui
223 3200 317 3262 dorou
333 3201 456 3279 palmum
469 3203 614 3264 vocabant
628 3211 659 3263 et
672 3202 740 3264 ideo
757 3203 827 3264 dora
843 3221 979 3284 munera,
1001 3207 1068 3286 quia
1081 3224 1163 3269 manu

163 3285 308 3346 darentur.
354 3303 428 3363 ergo
449 3294 618 3364 aquattuor
640 3295 671 3349 et
692 3289 819 3366 quinque
838 3288 957 3368 palmis,
980 3301 1068 3369 prout
1087 3300 1198 3371 suntme

162 3370 353 3430 nominantur.
384 3370 582 3432 eademestet
594 3369 726 3432 latitudo.
748 3373 862 3432 minore
872 3375 994 3452 privatis
1011 3377 1162 3455 operibus,

163 3455 274 3516 maiore
291 3455 322 3515 in
336 3452 462 3534 publicis
481 3460 598 3515 utuntur
611 3455 642 3515 in
657 3452 788 3517 Graecia.
818 3455 938 3518 Pitanae
958 3459 987 3519 in
1002 3458 1074 3521 Asia
1090 3470 1119 3522 et
1133 3463 1163 3522 in

162 3540 305 3601 ulteriore
323 3536 479 3618 Hispania,
500 3539 665 3600 civitatibus
687 3538 811 3602 Haxilua
829 3549 860 3602 et
877 3538 1018 3622 Galento,
1037 3546 1107 3607 liunt
1124 3546 1163 3606 la-
