2510 3898
361 231 441 279 nau.
457 229 548 279 mrsu.
565 231 699 279 xxxvn.
718 227 744 285 a.
762 215 913 301 (aa-ea.)
1057 219 1117 281 167

114 385 183 448 buic
198 387 275 447 intus
292 405 308 447 a
324 394 426 447 centro
442 384 529 446 stella
545 383 625 446 lucet
639 386 757 466 fulgore
772 383 862 467 pleno
877 387 973 450 lunae.
1004 386 1117 467 quidam

114 489 231 532 causam
250 471 373 531 nominis
393 469 517 531 reddunt
542 468 620 548 quod
641 473 727 532 astris
753 473 890 552 opposita
912 471 1059 551 fulgorem
1074 489 1118 532 ra·

114 557 176 635 piat
197 564 227 616 et
243 564 369 634 regerat.
408 562 550 634 optumam
567 555 596 614 in
614 551 762 617 carmania
780 557 862 634 gigni
884 556 982 618 dicunt
999 554 1117 616 nullam·

115 641 287 719 queminus
310 639 466 702 obnoxiam
482 639 573 716 uitio,
594 641 759 700 cerauniam
781 659 844 701 eam
865 642 965 701 vocari
987 657 1063 719 quae
1079 641 1118 699 sit

91 725 259 802 edocemur,
273 741 436 804 pessumam
450 722 645 784 lanternarum
660 722 758 784 lumini
773 724 904 785 similem.

176 807 259 890 (49.)
284 806 443 869 celebrans
458 816 490 868 et
511 809 671 886 astrioteu,
694 809 840 888 mirasque
861 808 963 869 laudes
981 809 1045 869 cius
1067 808 1097 868 iu
1109 818 1161 872 133

113 893 237 1038 llagdicis
251 893 361 954 artibus
376 890 555 952 Zoroastren
566 893 711 953 cecinisse
725 893 840 971 quidam
853 892 1021 971 diligentius
1033 890 1070 954 de
1083 909 1118 952 ea

134 995 168 1038 ro
190 986 249 1038 unt.

113 995 132 1057 P
176 1063 260 1141 (50.)
279 1056 465 1121 Astrobolon
485 1059 610 1120 Sudines
635 1060 706 1121 dicit
732 1061 825 1122 oculis
848 1062 970 1142 piscium
996 1059 1118 1121 similem

1 1137 2 1156 ¹
79 1157 205 1223 messe,
213 1146 327 1206 radiare
344 1144 463 1222 iulgore
478 1143 601 1205 candido
619 1145 649 1205 iu
666 1144 740 1206 sole.

176 1231 261 1309 (51.)
280 1227 334 1289 Est
355 1225 434 1289 inter
448 1228 583 1290 candidas
600 1237 630 1288 ct
645 1247 719 1308 quae
734 1231 868 1291 ceraunia
882 1239 1021 1308 vocatur,
1044 1227 1099 1290 iul·
1110 1238 1161 1292 134

110 1332 217 1393 goren
233 1313 360 1375 siderum
375 1314 505 1392 rapiens,
520 1315 584 1392 ipsa
597 1313 777 1392 crystallina,
792 1313 960 1393 splendoris
975 1311 1117 1388 caerulei,

110 1401 141 1460 in
160 1397 310 1459 Carmania
330 1415 462 1458 nascens.
499 1394 687 1458 Zenothemis
709 1399 817 1459 fatetur
845 1397 939 1458 albam
956 1416 1042 1475 esse,
1065 1396 1117 1456 sed

110 1483 223 1545 babere
238 1483 316 1543 intus
331 1481 446 1543 stellam
458 1490 670 1543 coruscantem.
702 1483 766 1543 lieri
783 1489 814 1542 et
825 1481 951 1543 hebetes
966 1481 1117 1542 ceraunios

76 1577 101 1619 1⁶
111 1586 183 1648 quas
199 1570 231 1628 iu
251 1569 329 1628 nitro
345 1575 376 1628 ct
390 1575 476 1628 aceto
490 1575 650 1627 maceratas
669 1584 726 1646 per
748 1565 859 1645 aliquot
878 1567 943 1628 dics
958 1565 1117 1644 concipere

110 1652 229 1714 stellam
241 1669 304 1713 eam
318 1669 394 1730 quae
410 1659 479 1730 post
492 1651 614 1711 totidem
632 1667 749 1711 menses
767 1651 980 1730 relanguescat.
1012 1650 1160 1712 sota-135

110 1756 162 1797 cus
184 1745 215 1798 et
235 1736 291 1797 alia
307 1736 364 1797 duo
381 1753 493 1814 genera
510 1735 581 1795 iecit
602 1736 775 1813 cerauniae,
796 1736 894 1814 nigras
913 1735 1116 1814 rubentisque,

109 1821 215 1882 similis
233 1839 283 1882 eas
301 1839 369 1881 esse
386 1819 557 1896 securibus,
573 1839 612 1880 cx
628 1818 673 1879 bis
689 1837 765 1898 quae
781 1820 883 1898 nigrae
898 1821 956 1880 siut
970 1837 1004 1881 ac
1017 1827 1118 1879 rotun·

1 1937 2 1962 1
109 1906 165 1966 dae
178 1921 278 1966 sacras
290 1922 370 1982 esse,
386 1905 467 1964 urhis
484 1921 538 1984 per
552 1903 618 1964 illas
630 1905 791 1983 expugnari
805 1913 836 1965 et
848 1905 963 1983 classis,
980 1902 1116 1965 baetulos

75 1990 224 2068 avocari,
240 2007 314 2068 quac
328 2006 400 2049 uero
415 1987 523 2066 louqae
539 1989 597 2048 siut
613 1990 774 2049 ceraunius.
801 1990 911 2051 iaciunt
926 1997 957 2049 ct
973 1989 1057 2050 aliam
1071 2005 1117 2047 ra·

109 2092 171 2134 ram
187 2073 338 2135 admodum
349 2071 499 2151 diagerum
514 2071 617 2133 studiis
629 2074 799 2151 expetitam,
811 2074 946 2152 quoniam
958 2091 1016 2134 uon
1028 2072 1117 2133 aliubi

108 2159 276 2219 inveniatur
291 2174 376 2236 quam
392 2158 422 2216 in
439 2156 507 2216 loco
522 2156 641 2218 fulmine
657 2158 727 2218 icto.

173 2241 253 2324 (52.)
272 2240 446 2302 Proxumum
461 2243 616 2301 cerauniae
634 2258 739 2302 nomeu
754 2242 830 2321 apud
847 2258 901 2302 eos
915 2241 1005 2302 babet
1021 2258 1095 2319 quae
1111 2248 1159 2304 136

109 2335 234 2388 uocatur
248 2327 309 2386 iris.
352 2325 490 2385 effoditur
506 2325 536 2385 in
560 2325 680 2404 quadam
703 2326 796 2386 insula
817 2324 909 2384 Rubri
933 2325 1019 2385 maris
1042 2341 1117 2403 quac

75 2411 198 2473 adistat
218 2409 391 2470 aBereniee
407 2410 480 2470 urbe
497 2410 551 2477 ΕΞ
564 2427 654 2488 pass,
675 2418 775 2470 uetera
790 2409 834 2469 sui
849 2417 933 2488 parte
951 2406 1116 2486 crystallus.

2 2565 3 2572 q
108 2498 208 2575 itaque
224 2493 339 2573 quidam
354 2511 416 2554 eam
432 2491 559 2554 radicem
574 2491 703 2570 crystalli
722 2511 791 2554 esse
808 2492 953 2554 dixerunt.
977 2511 1016 2552 ex
1033 2509 1118 2569 argu·

109 2587 210 2642 mento
231 2585 353 2638 voantur
367 2579 438 2656 iris,
461 2595 525 2638 uam
546 2578 601 2638 sub
620 2585 701 2638 tecto
716 2595 857 2657 percussa
870 2577 936 2638 sole
952 2577 1071 2656 species
1087 2582 1118 2634 et

109 2664 231 2726 colores
248 2680 332 2722 arcus
347 2661 486 2723 caelestis
502 2663 532 2721 in
546 2679 704 2741 proxumos
720 2662 850 2740 parietes
867 2660 1037 2739 eiaculatur,
1050 2659 1118 2720 sub·

2 2741 3 2792 3
108 2749 177 2809 iude
197 2754 312 2808 mutans
339 2763 500 2824 magnaque
520 2746 664 2806 varietate
690 2745 908 2807 admirationem
930 2747 974 2805 sui
996 2761 1116 2823 augens.

76 2837 100 2881 ¹⁰
109 2830 301 2910 sexangulam
316 2849 384 2892 esse
399 2839 430 2890 ut
443 2827 610 2906 crystallum
625 2837 752 2908 constat,
764 2829 818 2892 scd
833 2829 921 2911 aliqui
933 2830 1044 2890 scabris
1056 2827 1096 2889 la·
1109 2837 1158 2892 137

108 2917 224 2978 teribus
248 2923 279 2975 et
300 2915 413 2992 angulis
437 2913 638 2993 inaequalibus
661 2913 760 2974 dicunt
783 2915 814 2973 iu
835 2913 899 2975 sole
922 2921 1026 2993 aperto
1047 2929 1116 2991 pro·

108 3003 216 3063 iactam
238 2999 337 3059 radios
357 3000 387 3058 in
402 3017 436 3059 sc
458 2998 588 3059 cadentis
603 2997 769 3075 discutere,
791 2997 889 3076 aliquo
907 3013 980 3057 vero
996 3003 1064 3056 ante
1082 3013 1116 3056 sc

110 3088 249 3166 proiecto
265 3085 364 3144 nitore
378 3083 539 3144 adiacentia
554 3082 720 3143 inlustrare.
744 3080 864 3142 colores
879 3089 1045 3142 autemnon
1060 3080 1116 3140 nisi

111 3189 149 3231 ex
164 3186 272 3250 opaco,
288 3175 320 3228 ut
334 3166 469 3245 diximus,
485 3166 626 3243 reddunt,
643 3184 698 3226 nec
712 3173 744 3226 ut
757 3167 839 3245 ipsae
854 3165 998 3243 babeant,
1015 3164 1069 3225 sed
1082 3171 1114 3224 ut
1126 3183 1160 3220 ms
1243 3205 1247 3214 -

78 3262 291 3335 “repercussu
310 3252 454 3332 parietum
476 3250 601 3327 elidant,
628 3259 743 3330 optuma
765 3267 840 3328 quae
859 3266 1008 3310 maxumos
1032 3267 1116 3310 arcus

110 3339 180 3400 iacit
196 3336 419 3415 simillimosque
432 3334 620 3396 caelestibus.
651 3333 706 3394 list
721 3343 751 3394 et
767 3333 822 3393 alia
839 3335 926 3412 iritis,
941 3342 1041 3394 cetera
1058 3335 1095 3392 si·
1107 3339 1158 3394 138

116 3427 252 3490 milisscd
260 3425 413 3506 praedura.
425 3419 600 3484 banellorus
612 3424 941 3491 crematamtuusamque
949 3411 983 3471 ad
993 3412 1110 3469 icnneu-

117 3531 233 3575 mouum
248 3527 363 3571 morsus
374 3505 504 3569 remedio
519 3522 588 3565 esse
600 3502 728 3581 scripsit,
741 3499 819 3560 nasci
835 3505 929 3557 autem
939 3489 1107 3554 inPerside.
