2510 3898
171 223 214 285 96
520 233 549 282 c.
566 234 661 282 amur
680 232 829 282 suenum

174 389 346 472 appellatur.
376 389 414 451 bf.
427 391 518 451 Varro
534 390 620 451 tradit
639 388 694 449 sibi
708 391 855 467 cognitum
870 385 983 448 Romae
998 385 1116 448 Possim
1131 405 1186 449 no·

172 478 265 554 mine,
295 493 311 535 a
336 493 394 554 qno
415 476 491 536 facta
515 493 600 555 poma
623 481 654 535 et
678 491 749 534 uvas
777 476 847 534 item
876 473 965 551 piscis
991 472 1187 551 conposcio

173 568 294 639 aspectu
318 559 487 621 discernere
512 578 528 621 a
555 561 644 620 veris.
692 558 767 619 idem
793 558 957 636 magnificat
986 557 1184 636 Arcesilaum,

172 643 205 706 b.
220 643 330 706 Luculli
347 646 533 723 familiarem,
556 645 638 705 cuins
654 643 849 724 proplasmata
864 642 956 722 pluris
974 643 1075 702 venire
1094 642 1184 704 solita

133 741 184 795 156
196 729 355 792 artificibus
372 731 446 810 ipsis
460 748 543 809 quam
560 728 682 790 aliorum
698 746 799 809 opera.
832 728 868 789 ab
889 726 946 787 boo
963 725 1066 788 factam
1081 725 1209 792 Vere-⁵

171 833 234 877 rem
251 813 437 876 Genetricem
457 816 486 875 in
507 815 574 875 foro
593 811 729 874 Caesaris
752 820 782 874 et
802 814 883 892 prins
902 828 986 892 quam
1008 811 1184 880 absolvere·

173 909 219 960 tur
239 899 429 962 festinatione
445 897 596 961 dedicandi
613 899 754 978 positam,
773 897 867 958 eidem
887 895 1038 957 abucnllo
1057 895 1114 957 llS.
1130 898 1184 964 Ῑῖῑ

172 984 286 1062 signum
312 983 474 1045 Felicitatis
498 984 640 1062 locatum,
671 985 716 1044 cui
742 1001 822 1044 mors
847 983 1000 1061 utriusque
1028 981 1179 1043 inviderit.

173 1067 295 1129 Octavio
319 1069 410 1147 aquili
432 1068 563 1128 Romano
589 1076 704 1130 cratera
729 1069 829 1130 facere
849 1066 961 1128 volanti
985 1066 1137 1146 exemplar
1163 1087 1182 1129 e

37 1146 40 1154 ’
118 1167 120 1172 ’
171 1172 267 1232 gypso
290 1155 395 1214 factum
418 1153 539 1214 talento.
578 1152 673 1215 laudat
688 1161 719 1214 et
733 1151 882 1216 Pasitelen
899 1153 948 1232 qui
964 1151 1108 1230 plasticen
1119 1170 1183 1212 ma·
1194 1178 1222 1219 ω

172 1247 246 1298 trem
262 1237 426 1300 caelaturae
444 1247 474 1302 et
491 1238 648 1299 statuariae
664 1238 889 1318 scalpturaeque
904 1237 975 1298 dixit
988 1245 1038 1315 et,
1053 1255 1117 1297 cnm
1134 1257 1182 1299 es·

172 1332 219 1385 set
240 1324 269 1383 in
292 1323 424 1388 omuibus
450 1323 493 1385 bis
512 1341 655 1401 summus,
684 1323 754 1384 nibil
780 1341 910 1402 umquam
930 1322 1002 1383 fecit
1025 1329 1182 1401 antequam

130 1408 284 1474 intinxit.
319 1417 475 1487 praeterea
492 1407 671 1470 elaboratam
686 1407 760 1469 banc
775 1416 866 1468 artem
883 1406 985 1468 ltaliae
1001 1416 1031 1468 et
1046 1425 1181 1469 maxume

171 1491 318 1571 Etruriae,
334 1491 456 1555 Volcam
464 1492 537 1554 Veis
550 1494 673 1555 accitum
685 1494 731 1554 cui
744 1492 858 1554 locaret
875 1491 1047 1572 Tarquinius
1058 1490 1179 1554 Priscus

171 1578 249 1637 lovis
265 1578 395 1655 effigiem
415 1581 444 1640 in
464 1576 610 1658 Capitolio
629 1577 785 1639 dicandam.
817 1577 934 1638 fictilem
951 1595 1016 1638 eum
1036 1578 1131 1639 fuisse
1149 1585 1180 1639 el
1193 1601 1219 1642 rs

171 1662 239 1722 ideo
259 1663 370 1722 miniari
394 1663 527 1739 solitum,
549 1663 647 1723 fictilis
663 1665 692 1722 in
710 1663 830 1741 fastigio
846 1662 962 1742 templis
978 1664 1042 1723 eius
1063 1662 1180 1742 quadri-

130 1766 161 1807 ιο,
173 1766 183 1799 a
196 1764 267 1824 gas,
282 1747 318 1807 de
337 1747 441 1824 quibus
459 1766 549 1826 saepe
568 1745 701 1807 diximus.
731 1741 839 1808 abhoc
858 1746 960 1809 eodem
983 1749 1088 1808 factum
1106 1746 1180 1809 ller-

171 1830 264 1892 oulem
289 1833 336 1911 qui
364 1831 510 1912 hodieque
534 1833 673 1894 materiae
692 1850 796 1895 nomen
817 1834 847 1893 in
868 1832 941 1893 urbe
962 1833 1080 1893 retinet.
1123 1832 1180 1895 bae

171 1917 246 1976 enim
262 1924 320 1976 tum
340 1917 456 1995 effigies
472 1918 697 1978 deorumerant
716 1917 946 1995 laudatissimae,
969 1935 1024 1979 nec
1041 1919 1181 1996 poenitet

170 2018 225 2061 nos
241 1999 357 2062 illorum
372 2003 420 2080 qni
437 2002 502 2063 talis
519 2002 592 2063 deos
609 2001 747 2082 coluere,
766 2021 865 2064 aurum
879 2005 954 2064 enim
977 2011 1007 2064 et
1023 2012 1217 2080 argentumao

169 2102 207 2147 ue
225 2085 269 2146 dis
286 2085 400 2164 quidem
418 2087 619 2148 conficiebant.

127 2181 180 2236 158
240 2170 323 2252 (46.)
348 2170 458 2231 Durant
486 2173 638 2233 etiamnum
665 2171 816 2253 plerisque
842 2175 872 2233 in
895 2172 970 2232 locis
993 2171 1060 2233 talia
1090 2174 1177 2234 simu·

169 2256 254 2317 laem.
296 2255 412 2334 fastigia
434 2257 549 2335 quidem
570 2257 742 2335 templorum
766 2258 852 2320 etiam
871 2258 900 2318 in
921 2257 994 2318 urbe
1016 2257 1122 2319 crebra
1146 2267 1177 2319 et

167 2341 349 2420 municipiis,
365 2343 435 2402 mira
451 2342 598 2403 caelatura
615 2350 645 2402 et
657 2351 721 2403 arte
750 2344 852 2420 suique
877 2342 1011 2403 firmitate
1028 2345 1177 2404 sanctiora

168 2443 256 2504 auro,
279 2433 361 2488 certe
381 2426 592 2489 innocentiora.
625 2429 653 2487 in
678 2429 769 2488 sacris
792 2427 908 2506 quidem
925 2428 1011 2487 etiam
1029 2429 1106 2488 inter
1123 2428 1214 2490 basan

168 2528 241 2589 opes
263 2509 350 2572 bodie
373 2528 431 2572 uon
445 2513 580 2572 murrinis
602 2512 836 2590 crystallinisve,
857 2512 909 2573 sed
927 2511 1065 2573 fictilibus
1085 2513 1176 2592 proli·

168 2595 254 2654 batur
276 2597 416 2674 simpuis‚
440 2596 629 2658 inenarrabili
650 2604 748 2659 terrae
773 2597 975 2676 benignitate,
996 2600 1020 2658 si
1044 2600 1092 2677 qui
1117 2600 1175 2660 sin·

126 2690 178 2744 1⁵9
188 2679 256 2757 gula
271 2682 425 2759 aestimet,
447 2682 534 2742 etiam
549 2690 580 2741 nt
597 2683 766 2743 omittantur
780 2683 811 2744 in
825 2684 956 2761 frugum,
973 2684 1049 2758 vini,
1073 2701 1176 2763 pomo·

167 2782 245 2843 rum,
261 2763 433 2845 barbarum,
448 2767 600 2844 fruticum,
615 2766 906 2846 medicamentorum,
923 2767 1106 2830 metallorum
1121 2787 1175 2848 ge·

166 2850 285 2911 neribus
302 2850 446 2912 beneficia
465 2853 528 2912 eius
549 2869 682 2932 quaeque
700 2852 792 2914 adhuc
809 2853 942 2914 diximus.
978 2852 1027 2914 rel
1048 2853 1211 2915 adsidui-ao

167 2943 226 2996 tate
243 2937 348 2997 satiant
369 2936 530 3015 figlinarum
548 2954 639 3017 opera
661 2938 829 3000 imbricibus
852 2939 887 3000 ad
905 2945 981 3000 tecta
1003 2939 1173 3017 coctilibus,

166 3019 314 3082 laterculis
330 3022 581 3102 fundamentisque
598 3031 663 3102 aut,
680 3042 754 3104 quae
770 3024 937 3103 rotabunt,
955 3023 1042 3084 doliis
1054 3023 1090 3084 ad
1105 3025 1173 3086 rina

166 3107 360 3184 excogitatis,
385 3107 530 3187 adaquas
552 3108 678 3186 tubulis,
702 3109 736 3170 ad
758 3109 889 3171 balineas
905 3111 1082 3187 mammetis,
1104 3127 1173 3188 pro·

165 3197 233 3267 pter
249 3208 322 3268 quae
337 3190 429 3252 Numa
443 3211 498 3253 rex
512 3199 674 3271 septumum
693 3193 851 3273 collegium
866 3195 1021 3274 figulorum
1034 3195 1171 3258 instituit.

123 3283 174 3340 160
186 3275 254 3352 quin
271 3283 302 3334 et
319 3275 472 3337 defunctos
492 3295 561 3338 sese
577 3276 658 3338 multi
673 3278 811 3340 fictilibus
829 3280 913 3341 soliis
928 3279 1014 3341 condi
1030 3279 1171 3360 maluere,
1182 3301 1207 3344 as

164 3360 240 3419 sicut
253 3357 291 3420 bl.
306 3357 401 3420 Varro
417 3359 596 3440 Pythagorio
613 3363 700 3425 modo
719 3367 748 3425 iu
762 3367 848 3444 myrti
863 3374 894 3426 et
913 3364 999 3427 oleae
1015 3373 1103 3444 atque
1119 3384 1171 3445 po·

163 3443 224 3524 puli
243 3445 346 3523 nigrae
368 3445 458 3507 foliis.
500 3449 593 3508 maior
611 3465 679 3534 pars
700 3448 845 3511 bominum
864 3452 991 3512 terrenis
1011 3451 1101 3511 utitur
1122 3469 1172 3512 va·

162 3530 214 3594 sis.
256 3529 351 3592 Samia
373 3532 536 3596 etiamnunc
551 3535 580 3596 in
596 3534 755 3596 esculentis
775 3534 934 3597 laudantur.
969 3537 1078 3597 retinet
1096 3535 1170 3598 banc
