2468 3896
164 220 220 294 34Ὶ
509 233 540 280 c.
556 234 650 281 eninr
668 233 817 282 snounnr

165 387 264 449 Gallia.
296 397 448 465 utrumque
464 405 480 448 a
495 387 678 448 metallorum
692 388 813 449 dominis
832 388 1024 468 appellatum,
1039 387 1111 449 illud
1128 389 1169 449 ab

136 475 254 539 tomice
268 474 326 534 divi
341 473 483 550 Augusti,
499 471 556 531 boc
572 490 587 531 a
606 475 747 551 coniuge,
764 472 877 532 velocis
896 471 1038 533 deiectus.
1069 470 1170 533 Livia·

164 576 228 618 num
245 576 360 636 quoque
381 565 463 618 certe
480 555 628 616 admodum
644 559 778 634 exiguum
793 557 945 616 invenitur.
978 573 1083 616 summa
1099 557 1168 634 glo-

163 644 224 702 riae
240 661 314 702 nunc
329 645 358 702 in
369 640 525 702 Marianum
541 658 694 718 conversa,
710 641 786 719 quod
801 649 832 699 et
846 637 1035 700 Cordubense
1048 640 1166 701 dicitur.

162 726 220 786 hoc
237 745 253 787 a
268 726 389 788 Liuiano
408 725 543 786 cadmean
564 742 694 786 maxume
711 725 814 784 sorbet
834 732 863 783 et
877 722 1031 784 aurichalci
1051 724 1194 788 bonite-a

163 819 221 871 tem
240 812 368 871 imitatur
384 812 412 870 in
428 810 575 870 sestertiis
595 808 867 888 dupondiariisque,
890 805 1000 888 Cyprio
1022 825 1075 868 suo
1091 809 1169 869 assi·

163 895 216 954 bus
239 896 395 954 contentis.
440 891 477 952 Et
499 893 636 953 hactenus
657 891 794 953 nobilitas
826 894 855 952 in
877 910 945 952 aere
970 891 1106 952 naturalis
1129 911 1167 953 se

162 976 259 1037 babet.

134 1072 151 1129 5
224 1059 283 1145 (3.)
308 1061 432 1140 Reliqua
447 1079 557 1138 genera
573 1079 640 1121 cura
657 1069 810 1138 constant,
835 1078 909 1140 quae
927 1061 987 1120 suis
1006 1060 1079 1120 locis
1095 1059 1167 1120 red·

162 1145 266 1205 dentur
286 1163 393 1204 summa
414 1145 545 1205 claritate
571 1154 637 1206 ante
661 1147 756 1206 omnia
778 1145 910 1206 indicata.
943 1141 1091 1216 Quondam
1108 1162 1163 1205 aes
1176 1165 1208 1210 ιο

162 1229 312 1289 conlusum
326 1247 396 1289 auro
417 1237 599 1307 argentoque
615 1231 808 1307 miscebatur,
834 1238 864 1290 et
879 1237 974 1289 tamen
989 1247 1035 1289 ers
1051 1230 1166 1306 pretio-

162 1315 223 1373 sior
242 1322 322 1390 erat,
345 1331 419 1373 nunc
440 1314 582 1373 incertum
602 1323 648 1375 est
669 1315 755 1392 peior
770 1315 841 1374 baec
856 1315 893 1374 sit
909 1332 945 1373 an
961 1314 1095 1390 materia,
1110 1314 1165 1373 mi·

162 1416 292 1477 rumque,
308 1415 371 1458 cum
387 1395 422 1456 ad
435 1397 573 1458 inlinitum
587 1415 707 1478 operum
719 1399 813 1476 pretia
829 1401 987 1475 creverint,
1002 1398 1163 1458 auctoritas

162 1483 232 1542 artis
256 1483 400 1542 exstincta
421 1490 483 1560 est,
510 1491 647 1561 quaestus
671 1484 747 1542 enim
764 1491 896 1542 causant
914 1484 1007 1543 omnia
1024 1484 1163 1542 exerceri

161 1575 267 1645 coepta
288 1574 334 1627 est
356 1584 429 1644 quae
449 1566 562 1644 gloriae
579 1565 702 1628 solebat.
733 1566 800 1627 ideo
819 1575 915 1628 autem
936 1568 1021 1628 etiam
1039 1567 1163 1627 deornm
1175 1591 1204 1634 m

161 1651 305 1729 adscripta
322 1653 426 1729 operi,
447 1669 509 1711 cum
527 1669 667 1729 proceres
682 1653 809 1728 gentium
825 1650 985 1710 claritatem
1001 1650 1163 1711 enhaema

161 1743 356 1812 quaererent,
381 1735 513 1813 adeoque
533 1735 664 1796 exolevit
688 1734 824 1796 fundendi
847 1735 925 1794 aeris
942 1735 1065 1812 pretiosi
1082 1737 1161 1793 ratio

134 1827 192 1886 out
214 1817 318 1878 iamdiu
342 1837 378 1878 ne
401 1819 515 1880 fortuna
538 1819 652 1898 quidem
673 1821 703 1880 in
721 1821 862 1881 caroius
880 1819 950 1878 artis
966 1817 1079 1878 babeat.
1113 1815 1163 1877 Ex

162 1902 211 1962 illa
232 1910 328 1963 autern
348 1904 461 1980 antiqua
476 1903 570 1980 gloria
586 1901 765 1964 Corinthium
781 1921 912 1964 maxume
928 1902 1071 1963 laudatur.
1100 1900 1161 1961 hoc

161 2005 244 2048 casus
267 1987 381 2046 miscuit
402 1983 559 2064 Corintho,
582 2006 644 2048 cnm
671 1997 839 2068 caperetur,
864 1989 999 2066 incensa,
1026 1989 1203 2064 mirequeao

162 2072 238 2131 circa
255 2071 284 2130 id
299 2071 452 2132 multorum
466 2070 622 2132 adfectatio
645 2072 731 2149 furit,
753 2074 860 2151 quippe
876 2091 939 2132 oum
957 2072 1084 2133 tradatur
1097 2087 1161 2130 non

161 2155 216 2216 alia
240 2154 276 2216 de
297 2172 384 2216 causa
400 2154 523 2216 Verrem
543 2173 629 2236 quem
650 2154 689 2216 Μ.
706 2153 811 2217 Cicero
832 2155 1014 2218 damnaverat
1029 2157 1161 2234 proscri-

161 2248 239 2320 ptum
257 2258 319 2301 cum
336 2257 373 2300 eo
389 2239 424 2299 ab
444 2239 590 2318 Antonio,
606 2241 723 2321 quonim
737 2237 895 2302 Corinthiis
911 2257 1060 2302 cessurum
1075 2259 1109 2299 se
1128 2241 1160 2300 ei

160 2325 338 2404 negavisset.
366 2343 398 2385 ac
411 2324 477 2386 mibi
488 2327 580 2386 maior
596 2342 662 2405 pars
676 2343 777 2386 eornm
786 2327 920 2387 simulare
931 2344 992 2387 eam
1005 2325 1160 2385 scientiam

158 2409 274 2471 videtur
289 2409 325 2470 ad
339 2409 540 2488 segregandos
552 2428 621 2471 sese
634 2411 768 2471 aceteris
780 2411 871 2488 magis
885 2428 966 2489 quam
977 2409 1159 2486 intellegere
1172 2427 1203 2470 ae

132 2501 148 2560 7
161 2493 268 2572 aliquid
282 2493 322 2555 ibi
338 2493 489 2572 suptilius,
514 2501 544 2554 et
560 2493 617 2554 boc
632 2495 730 2573 paucis
747 2493 869 2556 docebo.
901 2492 1057 2556 corinthus
1072 2504 1161 2572 capta

159 2587 205 2637 est
228 2576 398 2656 olympiadis
415 2575 539 2637 cnvltl.
564 2596 638 2639 anno
660 2580 768 2656 tertio,
783 2588 902 2640 nostrae
917 2579 997 2640 urbis
1011 2575 1161 2658 novun,

159 2669 308 2721 comante
330 2661 446 2722 saecula
474 2662 592 2722 lictores
618 2662 732 2723 nobiles
756 2681 824 2724 esse
846 2662 1011 2741 desissent,
1033 2662 1161 2742 quorum

68 2779 70 2783 ·
159 2747 207 2806 isti
229 2746 322 2805 omnia
344 2747 427 2823 signa
445 2745 533 2806 bodie
549 2744 699 2807 Corinthia
721 2747 878 2827 appellant.
915 2755 1093 2827 quapropter
1120 2748 1160 2808 ad

157 2829 359 2908 coarguendos
375 2847 428 2891 eos
445 2847 585 2909 ponemus
606 2831 745 2891 artificum
761 2839 882 2892 aetates.
924 2849 988 2892 narn
1003 2832 1083 2892 urbis
1100 2849 1158 2893 no·
1171 2853 1202 2896 oo

159 2924 237 2976 strae
256 2932 346 2976 annos
371 2933 409 2977 ex
433 2934 519 2994 supra
539 2915 614 2978 dicta
634 2918 842 2995 conparatione
866 2915 1055 2995 olympiadum
1071 2917 1159 2976 colli-

157 3018 231 3076 gere
247 2999 332 3061 lcoile
355 3001 419 3062 erit.
460 3009 525 3061 sunt
549 3017 621 3078 ergo
638 3017 705 3060 vasa
724 3007 831 3060 tantum
849 2998 998 3062 Corinthia
1014 3017 1088 3100 quae
1104 3002 1159 3062 isti

158 3083 357 3160 elegantiores
372 3084 458 3145 modo
479 3084 514 3145 ad
536 3083 684 3146 esculenta
703 3084 895 3162 transierunt,
911 3085 1022 3146 modo'
1014 3104 1043 3145 ιιι
1059 3084 1160 3145 lucer-

129 3177 210 3232 8nas
232 3175 280 3227 aut
301 3169 423 3229 trulleos
447 3168 526 3229 nullo
546 3167 744 3228 munditiarum
767 3169 906 3249 dispectu.
945 3171 1008 3230 eius
1027 3171 1080 3228 tria
1101 3188 1160 3247 ge

157 3269 243 3312 nera:
267 3251 415 3313 candidum
436 3261 559 3330 argento
580 3253 675 3314 nitore
697 3270 780 3332 quam
799 3272 940 3333 proxume
959 3253 1134 3314 accedens
1125 3274 1204 3320 ιιιεε

157 3355 214 3414 quo
232 3336 281 3398 illa
295 3338 416 3398 mixtura
430 3338 604 3417 praevaluit,
616 3337 760 3398 alterum
752 3357 781 3398 m
798 3356 855 3416 quo
871 3340 932 3400 auri
949 3337 1026 3399 fulva
1038 3345 1159 3418 natura,

156 3423 273 3480 tertium
306 3423 334 3481 in
360 3438 417 3501 quo
445 3422 572 3500 aequalis
597 3422 719 3481 omnium
752 3425 909 3502 temperies
935 3423 996 3485 luit.
1032 3430 1162 3501 practer·

154 3503 229 3567 baec
250 3515 296 3566 est
319 3508 399 3566 cuius
424 3508 499 3567 ratio
519 3524 577 3568 non
600 3499 700 3584 potest
721 3505 822 3585 reddi,
844 3525 1012 3586 quamquam
1029 3507 1161 3567 bominis
