2510 3898
309 249 389 297 nur.
414 249 503 299 msa.
525 241 908 317 xxxv11.8.9.(3t-tu.)
1051 239 1109 302 165

113 422 196 485 quarn
210 421 274 465 eum
285 403 423 483 degustet
437 406 468 466 in
477 405 556 466 riola
570 403 684 466 desinat
701 405 810 484 iulgor‚
826 405 886 483 alii,
898 407 964 485 quia
977 408 1015 467 sit
1030 406 1111 486 quid·

112 488 175 550 dam
189 491 221 548 iu
237 507 364 568 purpura
380 488 429 550 illa
443 507 502 550 uon
517 507 555 551 ex
572 497 635 550 toto
654 491 771 568 igneum
786 488 839 550 sed
859 492 888 550 in
905 492 964 551 vini
980 491 1112 552 colorem

112 572 260 634 delicians.
283 573 436 653 perlucent
450 582 546 635 antem
562 590 662 634 omnes
673 574 808 636 violaceo
825 574 945 652 decore,
957 575 1111 655 scalpturis

112 657 224 718 faciles.
256 657 353 719 Indica
366 658 538 719 absolutum
559 659 654 719 ielicis
674 677 819 740 purpurae
841 658 971 720 colorem
992 660 1090 735 habet,
1105 670 1154 722 tua

89 742 146 804 tad
160 741 234 802 banc
247 743 440 822 tinguentium
454 743 588 804 cilicinae
599 742 726 822 dirigunt
738 751 816 806 vota.
839 743 930 805 iuudit
943 752 1037 805 autem
1048 743 1110 824 sul·

110 845 218 908 porcae
238 826 377 906 adspectu
399 827 508 888 leniter
523 826 656 888 blandum
673 845 767 907 neque
782 829 812 888 in
830 827 931 889 oculas
947 837 978 888 ut
992 829 1112 889 carbun-

111 911 168 972 culi
197 912 367 972 vibrantem.
411 911 533 972 alterum
561 930 654 989 genus
686 912 838 973 descendit
864 912 898 972 ad
927 912 1106 989 hyacinthos.
1119 931 1143 965 as

110 995 187 1056 hunc
206 994 336 1056 colorem
352 995 414 1056 ludi
439 1013 531 1056 socon
546 1003 668 1074 vocant,
691 995 836 1075 talemque
852 1014 993 1074 gemmam
1008 1014 1112 1058 socon·

111 1081 189 1141 dion.
225 1078 345 1141 dilutior
366 1097 404 1140 ex
424 1079 528 1141 eodem
549 1096 675 1158 sapenos
700 1088 838 1157 vocatur,
863 1079 1022 1160 eademque
1044 1080 1112 1160 pha·

78 1179 102 1221 ro
111 1165 214 1225 rauitis
226 1164 256 1224 in
270 1167 450 1225 contermino
463 1163 590 1233 Arabiae
601 1166 698 1242 gentis
710 1166 835 1225 nomine.
856 1175 986 1244 quartum
997 1185 1090 1244 genus
1104 1174 1155 1229 123

110 1249 244 1310 colorem
262 1249 321 1308 sini
350 1248 446 1309 habet.
485 1249 613 1328 quintum
634 1249 669 1308 ad
690 1250 783 1310 vicina
809 1249 939 1326 crystalli
960 1249 1111 1310 descendit

101 1332 256 1414 ‚albicante
273 1349 418 1413 purpurae
440 1333 565 1394 deiectu.
601 1332 658 1394 hoc
676 1335 799 1405 minume
815 1333 974 1413 probatur,
998 1333 1111 1413 quando

110 1417 296 1497 praecellens
315 1416 422 1478 debeat
436 1435 505 1478 csse
527 1418 556 1477 in
573 1427 711 1496 suspectu
725 1415 807 1478 velut
822 1436 860 1479 au
875 1417 1050 1478 carbunculo
1066 1435 1111 1477 re·

109 1501 228 1580 fulgens
245 1501 359 1580 quidam
376 1501 483 1562 leuiter
497 1502 527 1562 iu
543 1519 670 1582 purpura
686 1519 791 1562 roseus
809 1502 900 1562 color.
940 1500 1006 1561 talis
1024 1500 1112 1580 aliqui

77 1607 99 1647 15
109 1586 219 1647 malunt
235 1586 411 1666 paederotas
431 1603 554 1664 vocare,
572 1585 620 1646 alii
636 1593 803 1664 ecberctus,
819 1585 899 1646 multi
916 1585 1044 1647 Veneris
1061 1604 1111 1663 ge·

109 1689 191 1748 uam,
214 1670 292 1749 quod
313 1689 444 1731 maxume
466 1671 582 1731 uidetur
597 1670 705 1731 decere
723 1678 754 1732 et
773 1672 874 1751 specie
891 1678 923 1730 et
943 1669 1045 1731 colore
1063 1689 1112 1732 cx·

110 1764 205 1816 tremo
232 1773 373 1833 gemmae.
411 1753 563 1833 diagonum
585 1757 697 1816 vanitas
717 1754 853 1816 ebrietati
876 1773 926 1815 eas
947 1755 1091 1816 resistere
1105 1763 1154 1818 lii

110 1839 254 1917 promittit
276 1847 306 1900 et
326 1839 393 1900 iude
408 1839 590 1942 appellatas,
611 1833 783 1920 praeterea,
808 1841 833 1900 si
854 1839 939 1900 lunae
960 1857 1065 1926 nomeu
1079 1857 1112 1899 ac

1 1934 2 1962 l
110 1922 185 1983 solis
210 1924 415 1984 inscribatur
406 1942 436 1983 ur
455 1925 492 1984 iis
513 1931 599 2002 atque
623 1925 663 1984 ita
681 1925 926 2003 suspendanture
948 1909 1026 1985 collo
1048 1941 1111 1984 cum

1 2079 2 2084 η
76 2007 180 2104 ropilis
203 2007 393 2087 cynocephali
414 2015 444 2068 et
464 2007 568 2088 plumis
588 2007 764 2085 hirundinis,
786 2010 931 2069 resistere
949 2009 1110 2069 venaliciis.

110 2093 164 2151 iam
186 2109 259 2152 vero
284 2093 509 2171 quoquomodo
536 2091 641 2154 adesse
666 2109 756 2171 reges
778 2091 915 2169 adituris,
944 2092 1111 2170 grandinem

110 2192 229 2254 quoque
249 2184 386 2236 avertere
403 2195 437 2237 ac
456 2176 584 2237 locustas
599 2179 770 2256 precatione
786 2176 881 2237 addita
897 2193 979 2255 quam
995 2176 1112 2236 demon·

110 2269 212 2321 strant.
250 2278 306 2320 uec
325 2276 383 2320 nou
404 2262 433 2320 in
448 2261 607 2338 zmaragdis
623 2277 740 2343 quoque
761 2259 864 2320 similia
882 2262 1064 2338 promisere,
1086 2261 1110 2320 si

1 2357 2 2409 4
110 2344 228 2424 aquilae
247 2344 449 2424 scalperentur
473 2352 522 2406 nat
541 2345 711 2422 scarabaei,
735 2363 810 2422 quae
826 2344 940 2424 quidem
956 2345 1112 2422 scripsisse

1 2461 2 2468 κ
76 2448 99 2488 aa
111 2446 165 2490 eos
182 2446 240 2489 non
255 2429 318 2490 siue
333 2437 500 2507 contemptu
519 2437 550 2488 et
562 2430 654 2489 inrisu
669 2430 790 2507 generis
805 2428 917 2488 humani
933 2427 1070 2488 arbitror.

174 2511 257 2591 (41.)
275 2511 394 2572 linitum
409 2513 446 2572 ab
461 2512 514 2573 hac
529 2512 618 2572 distat
632 2511 815 2590 hyacinthos,
831 2512 867 2572 ab
883 2512 980 2572 vicino
996 2518 1090 2572 tamen
1103 2523 1154 2577 125

109 2597 213 2657 colora
232 2596 420 2658 descendens.
457 2596 621 2657 dilierentia
638 2595 713 2657 haec
726 2605 792 2674 est,
814 2596 892 2675 quod
911 2595 962 2656 ille
980 2596 1105 2657 emicans
1120 2617 1154 2650 aa

109 2683 139 2740 in
162 2681 327 2758 amethysto
348 2681 447 2758 iulgor
469 2680 618 2741 violaceus
645 2679 763 2740 diluitur
782 2679 938 2759 hyacintho
960 2682 1111 2759 primoque

109 2765 251 2844 adspectu
262 2773 362 2842 gratus
376 2765 524 2825 evanescit
536 2772 689 2844 antequam
700 2766 797 2843 satiet,
805 2765 938 2843 adeoque
950 2782 1008 2825 non
1020 2764 1112 2842 inplet

1 2883 2 2886 κ
77 2848 214 2910 occulos
235 2855 267 2908 ut
286 2866 380 2928 paene
402 2865 460 2909 uon
481 2849 620 2927 attingat,
640 2865 824 2910 marcescens
845 2848 972 2909 celerius
989 2850 1111 2909 nominis

109 2934 153 2994 sui
171 2932 258 2994 llere.
1089 2952 1120 2996 n,
1131 2951 1154 2988 sa

170 3017 253 3098 (42.)
275 3017 452 3094 Hyacinthos
468 3015 627 3095 Aethiopia
641 3017 727 3076 mittit
743 3024 773 3077 et
787 3015 985 3094 chrysolithos
1002 3033 1092 3078 aureo
1104 3025 1154 3079 126

108 3101 228 3180 fulgore
240 3102 419 3164 tralucentis.
441 3103 647 3181 praeferuntur
658 3099 703 3160 his
715 3098 831 3162 Indicae
847 3111 888 3178 et,
902 3101 926 3160 si
944 3101 1041 3161 uariae
1054 3118 1111 3161 uon

1 3217 2 3220 ¹
110 3187 184 3264 sint,
206 3185 380 3247 Tibarenae.
413 3184 588 3247 deterrimae
609 3193 706 3246 autem
719 3183 880 3264 Arabicae,
903 3186 1038 3263 quoniam
1054 3193 1112 3244 tur-

1 3277 2 3312 l
76 3269 197 3332 tabidae
222 3279 288 3330 sunt
310 3277 341 3330 et
361 3273 458 3331 variae
480 3279 510 3331 et
531 3269 657 3348 fulgoris
674 3268 853 3347 interpellati
872 3267 972 3328 nubilo
990 3267 1111 3329 macula-

1 3377 2 3382 *
109 3371 191 3431 rum,
213 3356 299 3416 etiam
320 3372 394 3433 quae
415 3354 550 3434 limpidae
576 3355 729 3431 contigere
750 3352 841 3412 veluti
864 3353 956 3414 scobe
972 3353 1109 3413 refertae.

110 3447 248 3518 optumae
270 3447 335 3499 sunt
355 3440 475 3519 quaein
495 3438 661 3499 conlatione
677 3453 774 3497 aurum
790 3436 918 3498 albicare
933 3435 1051 3516 quadam
1066 3455 1111 3495 ar·
1154 3451 1156 3456 ’

1 3517 2 3544 ³
109 3523 193 3601 genti
213 3524 289 3614 iacis
311 3531 426 3602 cogurnt.
467 3523 521 3584 hae
543 3521 629 3585 lunda
647 3520 830 3583 includuntur
847 3522 1039 3601 perspicuae,
1062 3538 1110 3579 ce·
