<?xml version="1.0" encoding="UTF-8"?>
<!DOCTYPE html PUBLIC "-//W3C//DTD XHTML 1.0 Transitional//EN"
    "http://www.w3.org/TR/xhtml1/DTD/xhtml1-transitional.dtd">
<html xmlns="http://www.w3.org/1999/xhtml" xml:lang="en" lang="en">
 <head>
  <title>
</title>
<meta http-equiv="Content-Type" content="text/html;charset=utf-8" />
  <meta name='ocr-system' content='tesseract 3.04.00' />
  <meta name='ocr-capabilities' content='ocr_page ocr_carea ocr_par ocr_line ocrx_word'/>
</head>
<body>
  <div class='ocr_page' id='page_1' title='image "./naturalishistor01plingoog/naturalishistor01plingoog_0139.png"; bbox 0 0 2468 3896; ppageno 0'>
   <div class='ocr_carea' id='block_1_1' title="bbox 264 239 1059 318">
    <p class='ocr_par' dir='ltr' id='par_1_1' title="bbox 264 239 1059 318">
     <span class='ocr_line' id='line_1_1' title="bbox 264 239 1059 318; baseline 0.004 -21"><span class='ocrx_word' id='word_1_1' title='bbox 264 250 341 297; x_wconf 79' lang='lat' dir='ltr'><strong>unu.</strong></span> <span class='ocrx_word' id='word_1_2' title='bbox 362 249 454 298; x_wconf 80' lang='lat' dir='ltr'><strong>mer.</strong></span> <span class='ocrx_word' id='word_1_3' title='bbox 474 250 599 298; x_wconf 82' lang='lat' dir='ltr'><strong>xxxuu.</strong></span> <span class='ocrx_word' id='word_1_4' title='bbox 621 247 646 305; x_wconf 83' lang='grc'><strong>7.</strong></span> <span class='ocrx_word' id='word_1_5' title='bbox 667 248 692 303; x_wconf 79' lang='lat' dir='ltr'><strong>e.</strong></span> <span class='ocrx_word' id='word_1_6' title='bbox 716 239 865 318; x_wconf 70' lang='lat' dir='ltr'><strong>tot-tt.)</strong></span> <span class='ocrx_word' id='word_1_7' title='bbox 1020 241 1059 300; x_wconf 81' lang='lat'><strong>25</strong></span> 
     </span>
    </p>
   </div>
   <div class='ocr_carea' id='block_1_2' title="bbox 18 399 1101 3518">
    <p class='ocr_par' dir='ltr' id='par_1_2' title="bbox 18 399 1101 3518">
     <span class='ocr_line' id='line_1_2' title="bbox 66 399 1101 484; baseline 0.009 -20"><span class='ocrx_word' id='word_1_8' title='bbox 66 399 186 482; x_wconf 87' lang='lat' dir='ltr'><strong>llumque</strong></span> <span class='ocrx_word' id='word_1_9' title='bbox 210 413 261 465; x_wconf 89' lang='lat' dir='ltr'><strong>est</strong></span> <span class='ocrx_word' id='word_1_10' title='bbox 277 405 400 466; x_wconf 85' lang='lat' dir='ltr'><strong>ultemm</strong></span> <span class='ocrx_word' id='word_1_11' title='bbox 419 423 512 484; x_wconf 89' lang='lat' dir='ltr'><strong>genus</strong></span> <span class='ocrx_word' id='word_1_12' title='bbox 530 405 662 466; x_wconf 82' lang='lat' dir='ltr'><strong>omnibus</strong></span> <span class='ocrx_word' id='word_1_13' title='bbox 683 406 749 466; x_wconf 88' lang='lat' dir='ltr'><strong>iere</strong></span> <span class='ocrx_word' id='word_1_14' title='bbox 768 407 942 484; x_wconf 68' lang='lat' dir='ltr'><strong>argentariis</strong></span> <span class='ocrx_word' id='word_1_15' title='bbox 958 408 1101 473; x_wconf 83' lang='lat' dir='ltr'><strong>item-119</strong></span> 
     </span>
     <span class='ocr_line' id='line_1_3' title="bbox 66 487 1059 569; baseline 0.001 -20"><span class='ocrx_word' id='word_1_16' title='bbox 66 505 112 566; x_wconf 88' lang='lat' dir='ltr'><strong>que</strong></span> <span class='ocrx_word' id='word_1_17' title='bbox 132 487 309 567; x_wconf 73' lang='lat' dir='ltr'><strong>plumbariis</strong></span> <span class='ocrx_word' id='word_1_18' title='bbox 337 490 462 550; x_wconf 76' lang='lat' dir='ltr'><strong>metallis</strong></span> <span class='ocrx_word' id='word_1_19' title='bbox 485 489 563 569; x_wconf 95' lang='lat' dir='ltr'><strong>quod</strong></span> <span class='ocrx_word' id='word_1_20' title='bbox 586 490 618 550; x_wconf 91' lang='lat' dir='ltr'><strong>lit</strong></span> <span class='ocrx_word' id='word_1_21' title='bbox 641 499 746 550; x_wconf 86' lang='lat' dir='ltr'><strong>exusto</strong></span> <span class='ocrx_word' id='word_1_22' title='bbox 770 490 866 569; x_wconf 89' lang='lat' dir='ltr'><strong>lupide</strong></span> <span class='ocrx_word' id='word_1_23' title='bbox 888 491 971 552; x_wconf 82' lang='lat' dir='ltr'><strong>venis</strong></span> <span class='ocrx_word' id='word_1_24' title='bbox 992 509 1059 569; x_wconf 88' lang='lat' dir='ltr'><strong>per·</strong></span> 
     </span>
     <span class='ocr_line' id='line_1_4' title="bbox 65 573 1059 654; baseline 0.004 -24"><span class='ocrx_word' id='word_1_25' title='bbox 65 575 160 650; x_wconf 82' lang='lat' dir='ltr'><strong>nixto,</strong></span> <span class='ocrx_word' id='word_1_26' title='bbox 186 591 308 635; x_wconf 80' lang='lat' dir='ltr'><strong>nonen</strong></span> <span class='ocrx_word' id='word_1_27' title='bbox 326 573 380 633; x_wconf 93' lang='lat' dir='ltr'><strong>illo</strong></span> <span class='ocrx_word' id='word_1_28' title='bbox 401 575 482 634; x_wconf 88' lang='lat' dir='ltr'><strong>cuius</strong></span> <span class='ocrx_word' id='word_1_29' title='bbox 496 575 637 634; x_wconf 86' lang='lat' dir='ltr'><strong>vomicam</strong></span> <span class='ocrx_word' id='word_1_30' title='bbox 654 582 804 652; x_wconf 86' lang='lat' dir='ltr'><strong>argentum</strong></span> <span class='ocrx_word' id='word_1_31' title='bbox 818 576 915 634; x_wconf 84' lang='lat' dir='ltr'><strong>rivom</strong></span> <span class='ocrx_word' id='word_1_32' title='bbox 931 574 1059 654; x_wconf 84' lang='lat' dir='ltr'><strong>appella-</strong></span> 
     </span>
     <span class='ocr_line' id='line_1_5' title="bbox 64 657 1090 738; baseline 0.004 -23"><span class='ocrx_word' id='word_1_33' title='bbox 64 657 167 734; x_wconf 75' lang='lat' dir='ltr'><strong>vimus,</strong></span> <span class='ocrx_word' id='word_1_34' title='bbox 194 694 245 704; x_wconf 90' lang='lat'><em>-</em></span> <span class='ocrx_word' id='word_1_35' title='bbox 264 661 289 718; x_wconf 89' lang='lat' dir='ltr'><strong>is</strong></span> <span class='ocrx_word' id='word_1_36' title='bbox 311 661 388 719; x_wconf 90' lang='lat' dir='ltr'><strong>enim</strong></span> <span class='ocrx_word' id='word_1_37' title='bbox 402 666 432 718; x_wconf 90' lang='lat' dir='ltr'><strong>et</strong></span> <span class='ocrx_word' id='word_1_38' title='bbox 446 661 511 736; x_wconf 90' lang='lat' dir='ltr'><strong>ipse</strong></span> <span class='ocrx_word' id='word_1_39' title='bbox 527 660 556 717; x_wconf 93' lang='lat' dir='ltr'><strong>in</strong></span> <span class='ocrx_word' id='word_1_40' title='bbox 572 667 721 736; x_wconf 89' lang='lat' dir='ltr'><strong>argentum</strong></span> <span class='ocrx_word' id='word_1_41' title='bbox 736 659 911 738; x_wconf 78' lang='lat' dir='ltr'><strong>excoquitur</strong></span> <span class='ocrx_word' id='word_1_42' title='bbox 923 691 982 736; x_wconf 84' lang='lat'><strong>-,</strong></span> <span class='ocrx_word' id='word_1_43' title='bbox 1005 659 1090 720; x_wconf 76' lang='lat' dir='ltr'><strong>sedas</strong></span> 
     </span>
     <span class='ocr_line' id='line_1_6' title="bbox 50 741 1059 822; baseline 0 -20"><span class='ocrx_word' id='word_1_44' title='bbox 50 759 94 802; x_wconf 82' lang='lat' dir='ltr'><strong>sen</strong></span> <span class='ocrx_word' id='word_1_45' title='bbox 106 741 172 801; x_wconf 87' lang='lat' dir='ltr'><strong>aliis</strong></span> <span class='ocrx_word' id='word_1_46' title='bbox 185 742 276 803; x_wconf 89' lang='lat' dir='ltr'><strong>simul</strong></span> <span class='ocrx_word' id='word_1_47' title='bbox 288 744 425 821; x_wconf 78' lang='lat' dir='ltr'><strong>repertis.</strong></span> <span class='ocrx_word' id='word_1_48' title='bbox 446 741 565 803; x_wconf 87' lang='lat' dir='ltr'><strong>steriles</strong></span> <span class='ocrx_word' id='word_1_49' title='bbox 583 744 669 802; x_wconf 87' lang='lat' dir='ltr'><strong>ctiam</strong></span> <span class='ocrx_word' id='word_1_50' title='bbox 683 742 791 821; x_wconf 85' lang='lat' dir='ltr'><strong>plumbi</strong></span> <span class='ocrx_word' id='word_1_51' title='bbox 803 743 1059 822; x_wconf 88' lang='lat' dir='ltr'><strong>deprehenduntur</strong></span> 
     </span>
     <span class='ocr_line' id='line_1_7' title="bbox 64 824 1058 905; baseline 0.004 -22"><span class='ocrx_word' id='word_1_52' title='bbox 64 824 117 884; x_wconf 93' lang='lat' dir='ltr'><strong>solo</strong></span> <span class='ocrx_word' id='word_1_53' title='bbox 137 827 267 904; x_wconf 86' lang='lat' dir='ltr'><strong>colore,</strong></span> <span class='ocrx_word' id='word_1_54' title='bbox 290 845 345 887; x_wconf 92' lang='lat' dir='ltr'><strong>nec</strong></span> <span class='ocrx_word' id='word_1_55' title='bbox 366 827 422 887; x_wconf 90' lang='lat' dir='ltr'><strong>nisi</strong></span> <span class='ocrx_word' id='word_1_56' title='bbox 443 828 472 886; x_wconf 90' lang='lat' dir='ltr'><strong>in</strong></span> <span class='ocrx_word' id='word_1_57' title='bbox 492 827 661 888; x_wconf 79' lang='lat' dir='ltr'><strong>fornacibus</strong></span> <span class='ocrx_word' id='word_1_58' title='bbox 686 827 879 888; x_wconf 88' lang='lat' dir='ltr'><strong>rubescentes</strong></span> <span class='ocrx_word' id='word_1_59' title='bbox 903 828 1058 905; x_wconf 82' lang='lat' dir='ltr'><strong>exustique</strong></span> 
     </span>
     <span class='ocr_line' id='line_1_8' title="bbox 63 909 1056 990; baseline 0.004 -24"><span class='ocrx_word' id='word_1_60' title='bbox 63 909 213 970; x_wconf 88' lang='lat' dir='ltr'><strong>tunduntur</strong></span> <span class='ocrx_word' id='word_1_61' title='bbox 234 913 263 970; x_wconf 90' lang='lat' dir='ltr'><strong>in</strong></span> <span class='ocrx_word' id='word_1_62' title='bbox 276 911 407 971; x_wconf 82' lang='lat' dir='ltr'><strong>farinam.</strong></span> <span class='ocrx_word' id='word_1_63' title='bbox 438 911 495 971; x_wconf 93' lang='lat' dir='ltr'><strong>hoc</strong></span> <span class='ocrx_word' id='word_1_64' title='bbox 512 920 559 970; x_wconf 91' lang='lat' dir='ltr'><strong>est</strong></span> <span class='ocrx_word' id='word_1_65' title='bbox 577 910 776 972; x_wconf 78' lang='lat' dir='ltr'><strong>secundarium</strong></span> <span class='ocrx_word' id='word_1_66' title='bbox 790 913 905 972; x_wconf 90' lang='lat' dir='ltr'><strong>minium</strong></span> <span class='ocrx_word' id='word_1_67' title='bbox 917 928 1056 990; x_wconf 85' lang='lat' dir='ltr'><strong>perquam</strong></span> 
     </span>
     <span class='ocr_line' id='line_1_9' title="bbox 62 995 1101 1072; baseline 0.009 -20"><span class='ocrx_word' id='word_1_68' title='bbox 62 995 150 1070; x_wconf 81' lang='lat' dir='ltr'><strong>prucis</strong></span> <span class='ocrx_word' id='word_1_69' title='bbox 175 1004 299 1072; x_wconf 82' lang='lat' dir='ltr'><strong>notum,</strong></span> <span class='ocrx_word' id='word_1_70' title='bbox 326 995 445 1054; x_wconf 92' lang='lat' dir='ltr'><strong>multum</strong></span> <span class='ocrx_word' id='word_1_71' title='bbox 464 996 540 1055; x_wconf 90' lang='lat' dir='ltr'><strong>inira</strong></span> <span class='ocrx_word' id='word_1_72' title='bbox 561 995 698 1054; x_wconf 86' lang='lat' dir='ltr'><strong>naturalis</strong></span> <span class='ocrx_word' id='word_1_73' title='bbox 723 996 787 1056; x_wconf 86' lang='lat' dir='ltr'><strong>illes</strong></span> <span class='ocrx_word' id='word_1_74' title='bbox 809 996 942 1057; x_wconf 88' lang='lat' dir='ltr'><strong>harenas.</strong></span> <span class='ocrx_word' id='word_1_75' title='bbox 981 995 1101 1060; x_wconf 76' lang='lat' dir='ltr'><strong>hocruo</strong></span> 
     </span>
     <span class='ocr_line' id='line_1_10' title="bbox 63 1077 1058 1156; baseline 0.003 -22"><span class='ocrx_word' id='word_1_76' title='bbox 63 1095 125 1153; x_wconf 88' lang='lat' dir='ltr'><strong>ergo</strong></span> <span class='ocrx_word' id='word_1_77' title='bbox 139 1078 326 1140; x_wconf 84' lang='lat' dir='ltr'><strong>adulteretur</strong></span> <span class='ocrx_word' id='word_1_78' title='bbox 344 1081 459 1139; x_wconf 87' lang='lat' dir='ltr'><strong>minium</strong></span> <span class='ocrx_word' id='word_1_79' title='bbox 474 1083 503 1139; x_wconf 91' lang='lat' dir='ltr'><strong>in</strong></span> <span class='ocrx_word' id='word_1_80' title='bbox 522 1079 646 1139; x_wconf 87' lang='lat' dir='ltr'><strong>cilicinis</strong></span> <span class='ocrx_word' id='word_1_81' title='bbox 663 1081 825 1156; x_wconf 87' lang='lat' dir='ltr'><strong>sociorum,</strong></span> <span class='ocrx_word' id='word_1_82' title='bbox 846 1088 877 1140; x_wconf 89' lang='lat' dir='ltr'><strong>et</strong></span> <span class='ocrx_word' id='word_1_83' title='bbox 894 1080 989 1140; x_wconf 85' lang='lat' dir='ltr'><strong>ubivis</strong></span> <span class='ocrx_word' id='word_1_84' title='bbox 1006 1077 1058 1155; x_wconf 75' lang='lat' dir='ltr'><strong>Sp·</strong></span> 
     </span>
     <span class='ocr_line' id='line_1_11' title="bbox 41 1161 1100 1242; baseline 0.001 -20"><span class='ocrx_word' id='word_1_85' title='bbox 41 1161 121 1223; x_wconf 82' lang='lat' dir='ltr'><strong>rorico.</strong></span> <span class='ocrx_word' id='word_1_86' title='bbox 145 1179 278 1241; x_wconf 69' lang='lat' dir='ltr'><strong>qucum</strong></span> <span class='ocrx_word' id='word_1_87' title='bbox 294 1163 381 1223; x_wconf 94' lang='lat' dir='ltr'><strong>modo</strong></span> <span class='ocrx_word' id='word_1_88' title='bbox 393 1163 524 1239; x_wconf 79' lang='lat' dir='ltr'><strong>Syricum</strong></span> <span class='ocrx_word' id='word_1_89' title='bbox 535 1164 584 1222; x_wconf 85' lang='lat' dir='ltr'><strong>liat</strong></span> <span class='ocrx_word' id='word_1_90' title='bbox 601 1179 654 1223; x_wconf 92' lang='lat' dir='ltr'><strong>suo</strong></span> <span class='ocrx_word' id='word_1_91' title='bbox 667 1162 733 1224; x_wconf 91' lang='lat' dir='ltr'><strong>loco</strong></span> <span class='ocrx_word' id='word_1_92' title='bbox 752 1164 933 1242; x_wconf 87' lang='lat' dir='ltr'><strong>docembius,</strong></span> <span class='ocrx_word' id='word_1_93' title='bbox 949 1162 1016 1224; x_wconf 91' lang='lat' dir='ltr'><strong>sub·</strong></span> <span class='ocrx_word' id='word_1_94' title='bbox 1028 1183 1063 1224; x_wconf 80' lang='lat' dir='ltr'><strong>u.</strong></span> <span class='ocrx_word' id='word_1_95' title='bbox 1075 1180 1100 1216; x_wconf 77' lang='lat' dir='ltr'><strong>u</strong></span> 
     </span>
     <span class='ocr_line' id='line_1_12' title="bbox 62 1242 1057 1326; baseline 0.002 -23"><span class='ocrx_word' id='word_1_96' title='bbox 62 1242 102 1305; x_wconf 90' lang='lat' dir='ltr'><strong>lini</strong></span> <span class='ocrx_word' id='word_1_97' title='bbox 117 1255 220 1308; x_wconf 84' lang='lat' dir='ltr'><strong>eutem</strong></span> <span class='ocrx_word' id='word_1_98' title='bbox 234 1247 336 1324; x_wconf 78' lang='lat' dir='ltr'><strong>Syrico</strong></span> <span class='ocrx_word' id='word_1_99' title='bbox 347 1249 463 1308; x_wconf 92' lang='lat' dir='ltr'><strong>minium</strong></span> <span class='ocrx_word' id='word_1_100' title='bbox 478 1247 623 1326; x_wconf 90' lang='lat' dir='ltr'><strong>conpendi</strong></span> <span class='ocrx_word' id='word_1_101' title='bbox 645 1249 719 1308; x_wconf 87' lang='lat' dir='ltr'><strong>ratio</strong></span> <span class='ocrx_word' id='word_1_102' title='bbox 737 1248 923 1309; x_wconf 87' lang='lat' dir='ltr'><strong>demonstrat.</strong></span> <span class='ocrx_word' id='word_1_103' title='bbox 954 1256 984 1308; x_wconf 90' lang='lat' dir='ltr'><strong>et</strong></span> <span class='ocrx_word' id='word_1_104' title='bbox 999 1246 1057 1306; x_wconf 92' lang='lat' dir='ltr'><strong>alio</strong></span> 
     </span>
     <span class='ocr_line' id='line_1_13' title="bbox 61 1330 1058 1411; baseline 0.004 -25"><span class='ocrx_word' id='word_1_105' title='bbox 61 1330 137 1390; x_wconf 93' lang='lat' dir='ltr'><strong>nodo</strong></span> <span class='ocrx_word' id='word_1_106' title='bbox 152 1333 339 1410; x_wconf 81' lang='lat' dir='ltr'><strong>pingentium</strong></span> <span class='ocrx_word' id='word_1_107' title='bbox 352 1333 431 1392; x_wconf 90' lang='lat' dir='ltr'><strong>iurto</strong></span> <span class='ocrx_word' id='word_1_108' title='bbox 445 1341 638 1411; x_wconf 69' lang='lat' dir='ltr'><strong>opportunum</strong></span> <span class='ocrx_word' id='word_1_109' title='bbox 653 1340 710 1409; x_wconf 87' lang='lat' dir='ltr'><strong>est,</strong></span> <span class='ocrx_word' id='word_1_110' title='bbox 722 1331 828 1411; x_wconf 90' lang='lat' dir='ltr'><strong>plenos</strong></span> <span class='ocrx_word' id='word_1_111' title='bbox 844 1331 966 1392; x_wconf 83' lang='lat' dir='ltr'><strong>subinde</strong></span> <span class='ocrx_word' id='word_1_112' title='bbox 979 1330 1058 1391; x_wconf 85' lang='lat' dir='ltr'><strong>eblu-</strong></span> 
     </span>
     <span class='ocr_line' id='line_1_14' title="bbox 64 1415 1055 1496; baseline 0.003 -25"><span class='ocrx_word' id='word_1_113' title='bbox 64 1415 161 1475; x_wconf 88' lang='lat' dir='ltr'><strong>entium</strong></span> <span class='ocrx_word' id='word_1_114' title='bbox 176 1415 346 1496; x_wconf 85' lang='lat' dir='ltr'><strong>penicillos.</strong></span> <span class='ocrx_word' id='word_1_115' title='bbox 369 1415 438 1475; x_wconf 88' lang='lat' dir='ltr'><strong>sidit</strong></span> <span class='ocrx_word' id='word_1_116' title='bbox 452 1425 548 1477; x_wconf 88' lang='lat' dir='ltr'><strong>autem</strong></span> <span class='ocrx_word' id='word_1_117' title='bbox 561 1418 592 1475; x_wconf 92' lang='lat' dir='ltr'><strong>in</strong></span> <span class='ocrx_word' id='word_1_118' title='bbox 603 1433 676 1494; x_wconf 89' lang='lat' dir='ltr'><strong>aqua</strong></span> <span class='ocrx_word' id='word_1_119' title='bbox 694 1425 866 1495; x_wconf 86' lang='lat' dir='ltr'><strong>constatque</strong></span> <span class='ocrx_word' id='word_1_120' title='bbox 884 1415 1055 1475; x_wconf 88' lang='lat' dir='ltr'><strong>iurantibus.</strong></span> 
     </span>
     <span class='ocr_line' id='line_1_15' title="bbox 63 1495 1098 1577; baseline 0.006 -23"><span class='ocrx_word' id='word_1_121' title='bbox 63 1495 176 1560; x_wconf 79' lang='lat' dir='ltr'><strong>sincero</strong></span> <span class='ocrx_word' id='word_1_122' title='bbox 194 1502 279 1562; x_wconf 89' lang='lat' dir='ltr'><strong>cocci</strong></span> <span class='ocrx_word' id='word_1_123' title='bbox 292 1502 370 1561; x_wconf 91' lang='lat' dir='ltr'><strong>nitor</strong></span> <span class='ocrx_word' id='word_1_124' title='bbox 388 1519 456 1561; x_wconf 88' lang='lat' dir='ltr'><strong>esse</strong></span> <span class='ocrx_word' id='word_1_125' title='bbox 479 1501 585 1577; x_wconf 83' lang='lat' dir='ltr'><strong>debet,</strong></span> <span class='ocrx_word' id='word_1_126' title='bbox 605 1500 768 1561; x_wconf 88' lang='lat' dir='ltr'><strong>secundarii</strong></span> <span class='ocrx_word' id='word_1_127' title='bbox 787 1508 881 1560; x_wconf 87' lang='lat' dir='ltr'><strong>autem</strong></span> <span class='ocrx_word' id='word_1_128' title='bbox 898 1497 1038 1576; x_wconf 83' lang='lat' dir='ltr'><strong>splendor</strong></span> <span class='ocrx_word' id='word_1_129' title='bbox 1050 1507 1098 1561; x_wconf 75' lang='lat'><strong>121</strong></span> 
     </span>
     <span class='ocr_line' id='line_1_16' title="bbox 41 1581 1057 1663; baseline 0.004 -26"><span class='ocrx_word' id='word_1_130' title='bbox 41 1581 84 1640; x_wconf 77' lang='lat' dir='ltr'><strong>isin</strong></span> <span class='ocrx_word' id='word_1_131' title='bbox 95 1586 264 1661; x_wconf 87' lang='lat' dir='ltr'><strong>parietibus</strong></span> <span class='ocrx_word' id='word_1_132' title='bbox 280 1587 392 1646; x_wconf 87' lang='lat' dir='ltr'><strong>sentire</strong></span> <span class='ocrx_word' id='word_1_133' title='bbox 406 1586 577 1663; x_wconf 86' lang='lat' dir='ltr'><strong>imaginem,</strong></span> <span class='ocrx_word' id='word_1_134' title='bbox 593 1601 761 1663; x_wconf 85' lang='lat' dir='ltr'><strong>quamquam</strong></span> <span class='ocrx_word' id='word_1_135' title='bbox 779 1583 836 1643; x_wconf 92' lang='lat' dir='ltr'><strong>hoc</strong></span> <span class='ocrx_word' id='word_1_136' title='bbox 851 1582 959 1661; x_wconf 89' lang='lat' dir='ltr'><strong>robigo</strong></span> <span class='ocrx_word' id='word_1_137' title='bbox 971 1599 1057 1660; x_wconf 80' lang='lat' dir='ltr'><strong>quae·</strong></span> 
     </span>
     <span class='ocr_line' id='line_1_17' title="bbox 63 1663 1056 1748; baseline 0.003 -25"><span class='ocrx_word' id='word_1_138' title='bbox 63 1663 115 1726; x_wconf 87' lang='lat' dir='ltr'><strong>dan</strong></span> <span class='ocrx_word' id='word_1_139' title='bbox 128 1670 244 1730; x_wconf 88' lang='lat' dir='ltr'><strong>metalli</strong></span> <span class='ocrx_word' id='word_1_140' title='bbox 258 1678 314 1731; x_wconf 92' lang='lat' dir='ltr'><strong>est.</strong></span> <span class='ocrx_word' id='word_1_141' title='bbox 336 1668 582 1748; x_wconf 81' lang='lat' dir='ltr'><strong>sisaponensibus</strong></span> <span class='ocrx_word' id='word_1_142' title='bbox 594 1676 691 1729; x_wconf 90' lang='lat' dir='ltr'><strong>autem</strong></span> <span class='ocrx_word' id='word_1_143' title='bbox 703 1669 842 1728; x_wconf 89' lang='lat' dir='ltr'><strong>miniariis</strong></span> <span class='ocrx_word' id='word_1_144' title='bbox 855 1684 906 1727; x_wconf 90' lang='lat' dir='ltr'><strong>sua</strong></span> <span class='ocrx_word' id='word_1_145' title='bbox 923 1685 996 1726; x_wconf 85' lang='lat' dir='ltr'><strong>vena</strong></span> <span class='ocrx_word' id='word_1_146' title='bbox 1009 1665 1056 1726; x_wconf 88' lang='lat' dir='ltr'><strong>ha·</strong></span> 
     </span>
     <span class='ocr_line' id='line_1_18' title="bbox 62 1751 1055 1833; baseline 0.003 -26"><span class='ocrx_word' id='word_1_147' title='bbox 62 1766 140 1811; x_wconf 80' lang='lat' dir='ltr'><strong>renue</strong></span> <span class='ocrx_word' id='word_1_148' title='bbox 155 1756 226 1814; x_wconf 87' lang='lat' dir='ltr'><strong>sine</strong></span> <span class='ocrx_word' id='word_1_149' title='bbox 236 1762 361 1832; x_wconf 86' lang='lat' dir='ltr'><strong>argento</strong></span> <span class='ocrx_word' id='word_1_150' title='bbox 373 1754 546 1833; x_wconf 80' lang='lat' dir='ltr'><strong>excoquitur</strong></span> <span class='ocrx_word' id='word_1_151' title='bbox 557 1755 618 1813; x_wconf 89' lang='lat' dir='ltr'><strong>auri</strong></span> <span class='ocrx_word' id='word_1_152' title='bbox 634 1753 729 1813; x_wconf 93' lang='lat' dir='ltr'><strong>modo.</strong></span> <span class='ocrx_word' id='word_1_153' title='bbox 755 1751 896 1831; x_wconf 86' lang='lat' dir='ltr'><strong>probatur</strong></span> <span class='ocrx_word' id='word_1_154' title='bbox 908 1767 978 1811; x_wconf 84' lang='lat' dir='ltr'><strong>euro</strong></span> <span class='ocrx_word' id='word_1_155' title='bbox 991 1768 1055 1810; x_wconf 83' lang='lat' dir='ltr'><strong>cen-</strong></span> 
     </span>
     <span class='ocr_line' id='line_1_19' title="bbox 65 1830 1053 1915; baseline -0.001 -23"><span class='ocrx_word' id='word_1_156' title='bbox 65 1830 159 1914; x_wconf 85' lang='lat' dir='ltr'><strong>dente,</strong></span> <span class='ocrx_word' id='word_1_157' title='bbox 184 1839 313 1899; x_wconf 84' lang='lat' dir='ltr'><strong>iucetrm</strong></span> <span class='ocrx_word' id='word_1_158' title='bbox 339 1839 415 1898; x_wconf 92' lang='lat' dir='ltr'><strong>enim</strong></span> <span class='ocrx_word' id='word_1_159' title='bbox 433 1839 592 1915; x_wconf 82' lang='lat' dir='ltr'><strong>nigrescit,</strong></span> <span class='ocrx_word' id='word_1_160' title='bbox 615 1839 759 1898; x_wconf 88' lang='lat' dir='ltr'><strong>sincerum</strong></span> <span class='ocrx_word' id='word_1_161' title='bbox 782 1837 891 1896; x_wconf 88' lang='lat' dir='ltr'><strong>retinet</strong></span> <span class='ocrx_word' id='word_1_162' title='bbox 914 1835 1053 1895; x_wconf 90' lang='lat' dir='ltr'><strong>colorem.</strong></span> 
     </span>
     <span class='ocr_line' id='line_1_20' title="bbox 64 1917 1055 1999; baseline 0.002 -25"><span class='ocrx_word' id='word_1_163' title='bbox 64 1917 172 1983; x_wconf 80' lang='lat' dir='ltr'><strong>invenio</strong></span> <span class='ocrx_word' id='word_1_164' title='bbox 189 1931 223 1983; x_wconf 89' lang='lat' dir='ltr'><strong>et</strong></span> <span class='ocrx_word' id='word_1_165' title='bbox 237 1922 317 1984; x_wconf 86' lang='lat' dir='ltr'><strong>culce</strong></span> <span class='ocrx_word' id='word_1_166' title='bbox 333 1922 505 1999; x_wconf 82' lang='lat' dir='ltr'><strong>adulterari,</strong></span> <span class='ocrx_word' id='word_1_167' title='bbox 529 1939 563 1982; x_wconf 87' lang='lat' dir='ltr'><strong>ac</strong></span> <span class='ocrx_word' id='word_1_168' title='bbox 585 1921 669 1981; x_wconf 90' lang='lat' dir='ltr'><strong>simili</strong></span> <span class='ocrx_word' id='word_1_169' title='bbox 691 1923 806 1982; x_wconf 87' lang='lat' dir='ltr'><strong>ratione</strong></span> <span class='ocrx_word' id='word_1_170' title='bbox 820 1919 892 1980; x_wconf 87' lang='lat' dir='ltr'><strong>ierri</strong></span> <span class='ocrx_word' id='word_1_171' title='bbox 907 1919 1055 1980; x_wconf 81' lang='lat' dir='ltr'><strong>candentis</strong></span> 
     </span>
     <span class='ocr_line' id='line_1_21' title="bbox 46 1998 1099 2085; baseline 0.002 -23"><span class='ocrx_word' id='word_1_172' title='bbox 46 1998 156 2084; x_wconf 80' lang='lat' dir='ltr'><strong>alanna,</strong></span> <span class='ocrx_word' id='word_1_173' title='bbox 173 2009 201 2067; x_wconf 89' lang='lat' dir='ltr'><strong>si</strong></span> <span class='ocrx_word' id='word_1_174' title='bbox 218 2025 275 2067; x_wconf 89' lang='lat' dir='ltr'><strong>oon</strong></span> <span class='ocrx_word' id='word_1_175' title='bbox 291 2009 330 2066; x_wconf 87' lang='lat' dir='ltr'><strong>sit</strong></span> <span class='ocrx_word' id='word_1_176' title='bbox 340 2024 449 2082; x_wconf 87' lang='lat' dir='ltr'><strong>aurum,</strong></span> <span class='ocrx_word' id='word_1_177' title='bbox 464 2005 653 2085; x_wconf 87' lang='lat' dir='ltr'><strong>deprehendi.</strong></span> <span class='ocrx_word' id='word_1_178' title='bbox 677 2005 759 2066; x_wconf 89' lang='lat' dir='ltr'><strong>inlito</strong></span> <span class='ocrx_word' id='word_1_179' title='bbox 771 2005 844 2065; x_wconf 88' lang='lat' dir='ltr'><strong>solis</strong></span> <span class='ocrx_word' id='word_1_180' title='bbox 856 2013 942 2082; x_wconf 88' lang='lat' dir='ltr'><strong>atque</strong></span> <span class='ocrx_word' id='word_1_181' title='bbox 953 2003 1099 2066; x_wconf 70' lang='lat' dir='ltr'><strong>lunaclit</strong></span> 
     </span>
     <span class='ocr_line' id='line_1_22' title="bbox 66 2087 1056 2168; baseline 0.001 -24"><span class='ocrx_word' id='word_1_182' title='bbox 66 2096 207 2152; x_wconf 89' lang='lat' dir='ltr'><strong>contactus</strong></span> <span class='ocrx_word' id='word_1_183' title='bbox 223 2092 364 2151; x_wconf 89' lang='lat' dir='ltr'><strong>inimicus.</strong></span> <span class='ocrx_word' id='word_1_184' title='bbox 393 2090 550 2152; x_wconf 88' lang='lat' dir='ltr'><strong>remedium</strong></span> <span class='ocrx_word' id='word_1_185' title='bbox 564 2098 596 2149; x_wconf 92' lang='lat' dir='ltr'><strong>ut</strong></span> <span class='ocrx_word' id='word_1_186' title='bbox 615 2091 729 2168; x_wconf 86' lang='lat' dir='ltr'><strong>pariete</strong></span> <span class='ocrx_word' id='word_1_187' title='bbox 745 2091 855 2150; x_wconf 87' lang='lat' dir='ltr'><strong>siccato</strong></span> <span class='ocrx_word' id='word_1_188' title='bbox 871 2105 939 2148; x_wconf 86' lang='lat' dir='ltr'><strong>cera</strong></span> <span class='ocrx_word' id='word_1_189' title='bbox 950 2087 1056 2147; x_wconf 86' lang='lat' dir='ltr'><strong>Punica</strong></span> 
     </span>
     <span class='ocr_line' id='line_1_23' title="bbox 65 2170 1056 2255; baseline 0 -25"><span class='ocrx_word' id='word_1_190' title='bbox 65 2186 117 2230; x_wconf 85' lang='lat' dir='ltr'><strong>cun</strong></span> <span class='ocrx_word' id='word_1_191' title='bbox 134 2175 208 2236; x_wconf 91' lang='lat' dir='ltr'><strong>oleo</strong></span> <span class='ocrx_word' id='word_1_192' title='bbox 230 2175 386 2255; x_wconf 79' lang='lat' dir='ltr'><strong>liquefacta</strong></span> <span class='ocrx_word' id='word_1_193' title='bbox 406 2175 532 2236; x_wconf 88' lang='lat' dir='ltr'><strong>candens</strong></span> <span class='ocrx_word' id='word_1_194' title='bbox 549 2177 639 2234; x_wconf 86' lang='lat' dir='ltr'><strong>saetis</strong></span> <span class='ocrx_word' id='word_1_195' title='bbox 661 2175 810 2234; x_wconf 89' lang='lat' dir='ltr'><strong>inducatur</strong></span> <span class='ocrx_word' id='word_1_196' title='bbox 828 2174 990 2250; x_wconf 89' lang='lat' dir='ltr'><strong>iterumque</strong></span> <span class='ocrx_word' id='word_1_197' title='bbox 1009 2170 1056 2230; x_wconf 90' lang='lat' dir='ltr'><strong>ad·</strong></span> 
     </span>
     <span class='ocr_line' id='line_1_24' title="bbox 66 2257 1056 2342; baseline 0.003 -31"><span class='ocrx_word' id='word_1_198' title='bbox 66 2257 139 2317; x_wconf 89' lang='lat' dir='ltr'><strong>notis</strong></span> <span class='ocrx_word' id='word_1_199' title='bbox 154 2259 254 2342; x_wconf 83' lang='lat' dir='ltr'><strong>gallae</strong></span> <span class='ocrx_word' id='word_1_200' title='bbox 270 2259 445 2320; x_wconf 88' lang='lat' dir='ltr'><strong>carbonibus</strong></span> <span class='ocrx_word' id='word_1_201' title='bbox 471 2261 601 2319; x_wconf 85' lang='lat' dir='ltr'><strong>inuratur</strong></span> <span class='ocrx_word' id='word_1_202' title='bbox 615 2259 649 2319; x_wconf 86' lang='lat' dir='ltr'><strong>ad</strong></span> <span class='ocrx_word' id='word_1_203' title='bbox 666 2258 801 2318; x_wconf 89' lang='lat' dir='ltr'><strong>sudorem</strong></span> <span class='ocrx_word' id='word_1_204' title='bbox 816 2274 908 2335; x_wconf 90' lang='lat' dir='ltr'><strong>usque</strong></span> <span class='ocrx_word' id='word_1_205' title='bbox 917 2299 927 2334; x_wconf 86' lang='lat'><strong><em>‚</em></strong></span> <span class='ocrx_word' id='word_1_206' title='bbox 950 2263 1056 2334; x_wconf 88' lang='lat' dir='ltr'><strong>postea</strong></span> 
     </span>
     <span class='ocr_line' id='line_1_25' title="bbox 66 2340 1054 2422; baseline 0.001 -25"><span class='ocrx_word' id='word_1_207' title='bbox 66 2340 183 2404; x_wconf 78' lang='lat' dir='ltr'><strong>undelis</strong></span> <span class='ocrx_word' id='word_1_208' title='bbox 205 2344 356 2421; x_wconf 88' lang='lat' dir='ltr'><strong>subigatur</strong></span> <span class='ocrx_word' id='word_1_209' title='bbox 377 2361 410 2404; x_wconf 90' lang='lat' dir='ltr'><strong>ac</strong></span> <span class='ocrx_word' id='word_1_210' title='bbox 425 2343 531 2405; x_wconf 91' lang='lat' dir='ltr'><strong>deinde</strong></span> <span class='ocrx_word' id='word_1_211' title='bbox 545 2342 644 2403; x_wconf 88' lang='lat' dir='ltr'><strong>linteis</strong></span> <span class='ocrx_word' id='word_1_212' title='bbox 660 2344 756 2422; x_wconf 90' lang='lat' dir='ltr'><strong>puris,</strong></span> <span class='ocrx_word' id='word_1_213' title='bbox 778 2343 853 2402; x_wconf 87' lang='lat' dir='ltr'><strong>sicut</strong></span> <span class='ocrx_word' id='word_1_214' title='bbox 869 2349 898 2400; x_wconf 88' lang='lat' dir='ltr'><strong>ct</strong></span> <span class='ocrx_word' id='word_1_215' title='bbox 914 2357 1054 2399; x_wconf 82' lang='lat' dir='ltr'><strong>marmora</strong></span> 
     </span>
     <span class='ocr_line' id='line_1_26' title="bbox 46 2423 1056 2507; baseline 0.003 -30"><span class='ocrx_word' id='word_1_216' title='bbox 46 2423 212 2488; x_wconf 74' lang='lat' dir='ltr'><strong>enitescunt.</strong></span> <span class='ocrx_word' id='word_1_217' title='bbox 249 2429 297 2507; x_wconf 91' lang='lat' dir='ltr'><strong>qui</strong></span> <span class='ocrx_word' id='word_1_218' title='bbox 319 2429 433 2488; x_wconf 91' lang='lat' dir='ltr'><strong>minium</strong></span> <span class='ocrx_word' id='word_1_219' title='bbox 448 2430 477 2487; x_wconf 91' lang='lat' dir='ltr'><strong>in</strong></span> <span class='ocrx_word' id='word_1_220' title='bbox 499 2427 624 2487; x_wconf 89' lang='lat' dir='ltr'><strong>olllcinis</strong></span> <span class='ocrx_word' id='word_1_221' title='bbox 639 2426 754 2506; x_wconf 91' lang='lat' dir='ltr'><strong>poliunt</strong></span> <span class='ocrx_word' id='word_1_222' title='bbox 767 2426 871 2485; x_wconf 84' lang='lat' dir='ltr'><strong>facicm</strong></span> <span class='ocrx_word' id='word_1_223' title='bbox 885 2424 960 2483; x_wconf 79' lang='lat' dir='ltr'><strong>laxis</strong></span> <span class='ocrx_word' id='word_1_224' title='bbox 980 2424 1056 2483; x_wconf 84' lang='lat' dir='ltr'><strong>vesi·</strong></span> 
     </span>
     <span class='ocr_line' id='line_1_27' title="bbox 67 2506 1055 2591; baseline 0.003 -28"><span class='ocrx_word' id='word_1_225' title='bbox 67 2507 100 2566; x_wconf 86' lang='lat' dir='ltr'><strong>cis</strong></span> <span class='ocrx_word' id='word_1_226' title='bbox 114 2511 255 2590; x_wconf 84' lang='lat' dir='ltr'><strong>inligant,</strong></span> <span class='ocrx_word' id='word_1_227' title='bbox 276 2531 313 2573; x_wconf 89' lang='lat' dir='ltr'><strong>ne</strong></span> <span class='ocrx_word' id='word_1_228' title='bbox 332 2513 361 2571; x_wconf 90' lang='lat' dir='ltr'><strong>in</strong></span> <span class='ocrx_word' id='word_1_229' title='bbox 384 2511 557 2591; x_wconf 88' lang='lat' dir='ltr'><strong>respirando</strong></span> <span class='ocrx_word' id='word_1_230' title='bbox 572 2510 759 2590; x_wconf 85' lang='lat' dir='ltr'><strong>pemicielem</strong></span> <span class='ocrx_word' id='word_1_231' title='bbox 775 2507 927 2588; x_wconf 84' lang='lat' dir='ltr'><strong>pulverem</strong></span> <span class='ocrx_word' id='word_1_232' title='bbox 941 2506 1055 2567; x_wconf 85' lang='lat' dir='ltr'><strong>trahant</strong></span> 
     </span>
     <span class='ocr_line' id='line_1_28' title="bbox 69 2592 1055 2676; baseline -0.001 -25"><span class='ocrx_word' id='word_1_233' title='bbox 69 2599 202 2658; x_wconf 86' lang='lat' dir='ltr'><strong>ettamen</strong></span> <span class='ocrx_word' id='word_1_234' title='bbox 222 2605 255 2656; x_wconf 92' lang='lat' dir='ltr'><strong>nt</strong></span> <span class='ocrx_word' id='word_1_235' title='bbox 276 2596 409 2674; x_wconf 83' lang='lat' dir='ltr'><strong>perillus</strong></span> <span class='ocrx_word' id='word_1_236' title='bbox 428 2603 577 2676; x_wconf 74' lang='lat' dir='ltr'><strong>spectent..</strong></span> <span class='ocrx_word' id='word_1_237' title='bbox 604 2597 718 2655; x_wconf 91' lang='lat' dir='ltr'><strong>minium</strong></span> <span class='ocrx_word' id='word_1_238' title='bbox 740 2596 770 2655; x_wconf 91' lang='lat' dir='ltr'><strong>in</strong></span> <span class='ocrx_word' id='word_1_239' title='bbox 792 2592 964 2652; x_wconf 88' lang='lat' dir='ltr'><strong>voluminum</strong></span> <span class='ocrx_word' id='word_1_240' title='bbox 986 2608 1055 2670; x_wconf 91' lang='lat' dir='ltr'><strong>quo·</strong></span> 
     </span>
     <span class='ocr_line' id='line_1_29' title="bbox 69 2675 1054 2759; baseline -0.002 -23"><span class='ocrx_word' id='word_1_241' title='bbox 69 2689 114 2750; x_wconf 81' lang='lat' dir='ltr'><strong>que</strong></span> <span class='ocrx_word' id='word_1_242' title='bbox 129 2683 274 2759; x_wconf 88' lang='lat' dir='ltr'><strong>scriptura</strong></span> <span class='ocrx_word' id='word_1_243' title='bbox 288 2689 444 2758; x_wconf 87' lang='lat' dir='ltr'><strong>usurpatur</strong></span> <span class='ocrx_word' id='word_1_244' title='bbox 460 2680 661 2759; x_wconf 88' lang='lat' dir='ltr'><strong>clarioresque</strong></span> <span class='ocrx_word' id='word_1_245' title='bbox 682 2678 796 2738; x_wconf 87' lang='lat' dir='ltr'><strong>litteras</strong></span> <span class='ocrx_word' id='word_1_246' title='bbox 814 2676 860 2737; x_wconf 88' lang='lat' dir='ltr'><strong>vel</strong></span> <span class='ocrx_word' id='word_1_247' title='bbox 876 2678 905 2736; x_wconf 92' lang='lat' dir='ltr'><strong>in</strong></span> <span class='ocrx_word' id='word_1_248' title='bbox 920 2692 991 2736; x_wconf 91' lang='lat' dir='ltr'><strong>auro</strong></span> <span class='ocrx_word' id='word_1_249' title='bbox 1007 2675 1054 2736; x_wconf 85' lang='lat' dir='ltr'><strong>vel</strong></span> 
     </span>
     <span class='ocr_line' id='line_1_30' title="bbox 67 2757 670 2843; baseline 0.005 -25"><span class='ocrx_word' id='word_1_250' title='bbox 67 2757 91 2818; x_wconf 85' lang='lat' dir='ltr'><strong>lu</strong></span> <span class='ocrx_word' id='word_1_251' title='bbox 104 2780 245 2826; x_wconf 86' lang='lat' dir='ltr'><strong>marmore</strong></span> <span class='ocrx_word' id='word_1_252' title='bbox 264 2765 350 2825; x_wconf 86' lang='lat' dir='ltr'><strong>etiam</strong></span> <span class='ocrx_word' id='word_1_253' title='bbox 363 2766 393 2824; x_wconf 90' lang='lat' dir='ltr'><strong>in</strong></span> <span class='ocrx_word' id='word_1_254' title='bbox 410 2763 573 2843; x_wconf 89' lang='lat' dir='ltr'><strong>sepulchris</strong></span> <span class='ocrx_word' id='word_1_255' title='bbox 592 2764 670 2824; x_wconf 87' lang='lat' dir='ltr'><strong>lacit.</strong></span> 
     </span>
     <span class='ocr_line' id='line_1_31' title="bbox 48 2845 1098 2929; baseline -0.008 -19"><span class='ocrx_word' id='word_1_256' title='bbox 48 2855 64 2899; x_wconf 74' lang='lat'><strong>³⁰</strong></span> <span class='ocrx_word' id='word_1_257' title='bbox 120 2846 147 2909; x_wconf 89' lang='lat'><strong>8.</strong></span> <span class='ocrx_word' id='word_1_258' title='bbox 166 2849 252 2929; x_wconf 83' lang='lat'><strong>(41.)</strong></span> <span class='ocrx_word' id='word_1_259' title='bbox 270 2847 316 2908; x_wconf 83' lang='lat' dir='ltr'><strong>Ex</strong></span> <span class='ocrx_word' id='word_1_260' title='bbox 330 2847 500 2909; x_wconf 89' lang='lat' dir='ltr'><strong>secundario</strong></span> <span class='ocrx_word' id='word_1_261' title='bbox 517 2850 627 2914; x_wconf 88' lang='lat' dir='ltr'><strong>invenit</strong></span> <span class='ocrx_word' id='word_1_262' title='bbox 644 2849 704 2907; x_wconf 85' lang='lat' dir='ltr'><strong>vite</strong></span> <span class='ocrx_word' id='word_1_263' title='bbox 726 2854 756 2906; x_wconf 91' lang='lat' dir='ltr'><strong>et</strong></span> <span class='ocrx_word' id='word_1_264' title='bbox 774 2845 982 2922; x_wconf 75' lang='lat' dir='ltr'><strong>hydrargyrum</strong></span> <span class='ocrx_word' id='word_1_265' title='bbox 1006 2845 1035 2903; x_wconf 94' lang='lat' dir='ltr'><strong>in</strong></span> <span class='ocrx_word' id='word_1_266' title='bbox 1047 2855 1098 2910; x_wconf 74' lang='lat'><strong>123</strong></span> 
     </span>
     <span class='ocr_line' id='line_1_32' title="bbox 69 2927 1086 3012; baseline -0.002 -26"><span class='ocrx_word' id='word_1_267' title='bbox 69 2928 149 2991; x_wconf 81' lang='lat' dir='ltr'><strong>vicem</strong></span> <span class='ocrx_word' id='word_1_268' title='bbox 169 2935 284 3010; x_wconf 86' lang='lat' dir='ltr'><strong>urgenti</strong></span> <span class='ocrx_word' id='word_1_269' title='bbox 306 2934 380 3010; x_wconf 84' lang='lat' dir='ltr'><strong>vivi,</strong></span> <span class='ocrx_word' id='word_1_270' title='bbox 402 2932 488 3012; x_wconf 88' lang='lat' dir='ltr'><strong>paulo</strong></span> <span class='ocrx_word' id='word_1_271' title='bbox 511 2940 578 2992; x_wconf 87' lang='lat' dir='ltr'><strong>ente</strong></span> <span class='ocrx_word' id='word_1_272' title='bbox 602 2932 728 2992; x_wconf 82' lang='lat' dir='ltr'><strong>dilutum.</strong></span> <span class='ocrx_word' id='word_1_273' title='bbox 768 2930 800 2990; x_wconf 88' lang='lat' dir='ltr'><strong>lit</strong></span> <span class='ocrx_word' id='word_1_274' title='bbox 823 2937 918 2988; x_wconf 88' lang='lat' dir='ltr'><strong>antem</strong></span> <span class='ocrx_word' id='word_1_275' title='bbox 939 2927 1086 2987; x_wconf 80' lang='lat' dir='ltr'><strong>duobusst</strong></span> 
     </span>
     <span class='ocr_line' id='line_1_33' title="bbox 71 3010 1055 3096; baseline 0.002 -26"><span class='ocrx_word' id='word_1_276' title='bbox 71 3015 148 3076; x_wconf 88' lang='lat' dir='ltr'><strong>nodis</strong></span> <span class='ocrx_word' id='word_1_277' title='bbox 158 3010 172 3078; x_wconf 70' lang='lat'><strong>:⁴</strong></span> <span class='ocrx_word' id='word_1_278' title='bbox 189 3019 286 3078; x_wconf 88' lang='lat' dir='ltr'><strong>aereis</strong></span> <span class='ocrx_word' id='word_1_279' title='bbox 301 3020 447 3078; x_wconf 85' lang='lat' dir='ltr'><strong>mortariis</strong></span> <span class='ocrx_word' id='word_1_280' title='bbox 466 3014 642 3096; x_wconf 89' lang='lat' dir='ltr'><strong>pistillisque</strong></span> <span class='ocrx_word' id='word_1_281' title='bbox 658 3017 727 3075; x_wconf 89' lang='lat' dir='ltr'><strong>trito</strong></span> <span class='ocrx_word' id='word_1_282' title='bbox 744 3016 833 3073; x_wconf 90' lang='lat' dir='ltr'><strong>minio</strong></span> <span class='ocrx_word' id='word_1_283' title='bbox 852 3030 891 3073; x_wconf 87' lang='lat' dir='ltr'><strong>ex</strong></span> <span class='ocrx_word' id='word_1_284' title='bbox 907 3019 991 3072; x_wconf 88' lang='lat' dir='ltr'><strong>aceto</strong></span> <span class='ocrx_word' id='word_1_285' title='bbox 1007 3021 1055 3072; x_wconf 88' lang='lat' dir='ltr'><strong>aut</strong></span> 
     </span>
     <span class='ocr_line' id='line_1_34' title="bbox 70 3097 1053 3181; baseline -0.001 -24"><span class='ocrx_word' id='word_1_286' title='bbox 70 3100 160 3172; x_wconf 86' lang='lat' dir='ltr'><strong>patinis</strong></span> <span class='ocrx_word' id='word_1_287' title='bbox 178 3101 314 3163; x_wconf 86' lang='lat' dir='ltr'><strong>fictilibus</strong></span> <span class='ocrx_word' id='word_1_288' title='bbox 330 3103 487 3181; x_wconf 91' lang='lat' dir='ltr'><strong>inpositum</strong></span> <span class='ocrx_word' id='word_1_289' title='bbox 503 3101 601 3162; x_wconf 85' lang='lat' dir='ltr'><strong>ferrea</strong></span> <span class='ocrx_word' id='word_1_290' title='bbox 617 3100 744 3176; x_wconf 81' lang='lat' dir='ltr'><strong>concha,</strong></span> <span class='ocrx_word' id='word_1_291' title='bbox 764 3097 855 3158; x_wconf 88' lang='lat' dir='ltr'><strong>calice</strong></span> <span class='ocrx_word' id='word_1_292' title='bbox 870 3105 1053 3175; x_wconf 84' lang='lat' dir='ltr'><strong>coopertum,</strong></span> 
     </span>
     <span class='ocr_line' id='line_1_35' title="bbox 73 3180 1055 3266; baseline -0.004 -22"><span class='ocrx_word' id='word_1_293' title='bbox 73 3185 159 3260; x_wconf 77' lang='lat' dir='ltr'><strong>argitis</strong></span> <span class='ocrx_word' id='word_1_294' title='bbox 181 3186 369 3266; x_wconf 72' lang='lat' dir='ltr'><strong>superinlito,</strong></span> <span class='ocrx_word' id='word_1_295' title='bbox 390 3185 458 3246; x_wconf 91' lang='lat' dir='ltr'><strong>dein</strong></span> <span class='ocrx_word' id='word_1_296' title='bbox 480 3184 533 3246; x_wconf 89' lang='lat' dir='ltr'><strong>sub</strong></span> <span class='ocrx_word' id='word_1_297' title='bbox 556 3187 661 3264; x_wconf 77' lang='lat' dir='ltr'><strong>patinis</strong></span> <span class='ocrx_word' id='word_1_298' title='bbox 680 3200 804 3244; x_wconf 86' lang='lat' dir='ltr'><strong>accenso</strong></span> <span class='ocrx_word' id='word_1_299' title='bbox 826 3180 946 3241; x_wconf 90' lang='lat' dir='ltr'><strong>iollibus</strong></span> <span class='ocrx_word' id='word_1_300' title='bbox 961 3183 1055 3241; x_wconf 89' lang='lat' dir='ltr'><strong>eonti-</strong></span> 
     </span>
     <span class='ocr_line' id='line_1_36' title="bbox 50 3265 1055 3350; baseline 0.004 -30"><span class='ocrx_word' id='word_1_301' title='bbox 50 3269 123 3328; x_wconf 79' lang='lat' dir='ltr'><strong>annis</strong></span> <span class='ocrx_word' id='word_1_302' title='bbox 136 3273 196 3349; x_wconf 89' lang='lat' dir='ltr'><strong>igni</strong></span> <span class='ocrx_word' id='word_1_303' title='bbox 213 3280 300 3350; x_wconf 88' lang='lat' dir='ltr'><strong>atque</strong></span> <span class='ocrx_word' id='word_1_304' title='bbox 315 3271 356 3330; x_wconf 88' lang='lat' dir='ltr'><strong>ita</strong></span> <span class='ocrx_word' id='word_1_305' title='bbox 377 3270 460 3331; x_wconf 83' lang='lat' dir='ltr'><strong>calici</strong></span> <span class='ocrx_word' id='word_1_306' title='bbox 482 3267 589 3330; x_wconf 89' lang='lat' dir='ltr'><strong>sudore</strong></span> <span class='ocrx_word' id='word_1_307' title='bbox 612 3269 732 3330; x_wconf 88' lang='lat' dir='ltr'><strong>deterso</strong></span> <span class='ocrx_word' id='word_1_308' title='bbox 749 3268 797 3346; x_wconf 94' lang='lat' dir='ltr'><strong>qui</strong></span> <span class='ocrx_word' id='word_1_309' title='bbox 819 3265 850 3325; x_wconf 89' lang='lat' dir='ltr'><strong>tit</strong></span> <span class='ocrx_word' id='word_1_310' title='bbox 871 3267 984 3342; x_wconf 88' lang='lat' dir='ltr'><strong>urgenti</strong></span> <span class='ocrx_word' id='word_1_311' title='bbox 1007 3282 1055 3325; x_wconf 88' lang='lat' dir='ltr'><strong>eo·</strong></span> 
     </span>
     <span class='ocr_line' id='line_1_37' title="bbox 18 3345 1055 3468; baseline 0.003 -62"><span class='ocrx_word' id='word_1_312' title='bbox 18 3375 20 3468; x_wconf 67' lang='lat' dir='ltr'><strong>p</strong></span> <span class='ocrx_word' id='word_1_313' title='bbox 73 3345 125 3412; x_wconf 87' lang='lat' dir='ltr'><strong>lore</strong></span> <span class='ocrx_word' id='word_1_314' title='bbox 145 3364 174 3416; x_wconf 90' lang='lat' dir='ltr'><strong>et</strong></span> <span class='ocrx_word' id='word_1_315' title='bbox 197 3373 289 3434; x_wconf 88' lang='lat' dir='ltr'><strong>aquae</strong></span> <span class='ocrx_word' id='word_1_316' title='bbox 312 3355 439 3434; x_wconf 86' lang='lat' dir='ltr'><strong>liquore.</strong></span> <span class='ocrx_word' id='word_1_317' title='bbox 477 3354 554 3414; x_wconf 90' lang='lat' dir='ltr'><strong>idem</strong></span> <span class='ocrx_word' id='word_1_318' title='bbox 570 3355 661 3432; x_wconf 88' lang='lat' dir='ltr'><strong>guttis</strong></span> <span class='ocrx_word' id='word_1_319' title='bbox 683 3351 771 3413; x_wconf 84' lang='lat' dir='ltr'><strong>diuidi</strong></span> <span class='ocrx_word' id='word_1_320' title='bbox 790 3349 883 3411; x_wconf 81' lang='lat' dir='ltr'><strong>facilis</strong></span> <span class='ocrx_word' id='word_1_321' title='bbox 899 3357 929 3408; x_wconf 92' lang='lat' dir='ltr'><strong>et</strong></span> <span class='ocrx_word' id='word_1_322' title='bbox 943 3348 1055 3409; x_wconf 85' lang='lat' dir='ltr'><strong>lubrico</strong></span> 
     </span>
     <span class='ocr_line' id='line_1_38' title="bbox 75 3433 1099 3518; baseline 0 -24"><span class='ocrx_word' id='word_1_323' title='bbox 75 3447 158 3499; x_wconf 87' lang='lat' dir='ltr'><strong>umore</strong></span> <span class='ocrx_word' id='word_1_324' title='bbox 190 3439 369 3518; x_wconf 88' lang='lat' dir='ltr'><strong>conpluere,</strong></span> <span class='ocrx_word' id='word_1_325' title='bbox 402 3438 480 3517; x_wconf 93' lang='lat' dir='ltr'><strong>qnod</strong></span> <span class='ocrx_word' id='word_1_326' title='bbox 509 3455 574 3499; x_wconf 87' lang='lat' dir='ltr'><strong>cunr</strong></span> <span class='ocrx_word' id='word_1_327' title='bbox 603 3453 746 3500; x_wconf 87' lang='lat' dir='ltr'><strong>venenum</strong></span> <span class='ocrx_word' id='word_1_328' title='bbox 773 3453 842 3496; x_wconf 87' lang='lat' dir='ltr'><strong>esse</strong></span> <span class='ocrx_word' id='word_1_329' title='bbox 870 3433 1035 3509; x_wconf 84' lang='lat' dir='ltr'><strong>conveniat,</strong></span> <span class='ocrx_word' id='word_1_330' title='bbox 1048 3441 1099 3494; x_wconf 76' lang='lat'><strong>124</strong></span> 
     </span>
    </p>
   </div>
   <div class='ocr_carea' id='block_1_3' title="bbox 18 3516 1094 3604">
    <p class='ocr_par' dir='ltr' id='par_1_3' title="bbox 18 3516 1094 3604">
     <span class='ocr_line' id='line_1_39' title="bbox 18 3516 1094 3604; baseline -0.007 -25"><span class='ocrx_word' id='word_1_331' title='bbox 18 3575 19 3590; x_wconf 13' lang='grc' dir='ltr'>ζ</span> <span class='ocrx_word' id='word_1_332' title='bbox 75 3524 152 3584; x_wconf 88' lang='lat' dir='ltr'><strong>onnia</strong></span> <span class='ocrx_word' id='word_1_333' title='bbox 165 3541 239 3604; x_wconf 88' lang='lat' dir='ltr'><strong>quae</strong></span> <span class='ocrx_word' id='word_1_334' title='bbox 251 3523 287 3584; x_wconf 92' lang='lat' dir='ltr'><strong>de</strong></span> <span class='ocrx_word' id='word_1_335' title='bbox 301 3525 390 3583; x_wconf 94' lang='lat' dir='ltr'><strong>minio</strong></span> <span class='ocrx_word' id='word_1_336' title='bbox 406 3525 436 3583; x_wconf 89' lang='lat' dir='ltr'><strong>in</strong></span> <span class='ocrx_word' id='word_1_337' title='bbox 450 3521 610 3583; x_wconf 86' lang='lat' dir='ltr'><strong>medicinae</strong></span> <span class='ocrx_word' id='word_1_338' title='bbox 622 3541 676 3582; x_wconf 90' lang='lat' dir='ltr'><strong>usu</strong></span> <span class='ocrx_word' id='word_1_339' title='bbox 688 3519 837 3580; x_wconf 88' lang='lat' dir='ltr'><strong>traduntur</strong></span> <span class='ocrx_word' id='word_1_340' title='bbox 848 3516 1002 3575; x_wconf 85' lang='lat' dir='ltr'><strong>temerarie</strong></span> <span class='ocrx_word' id='word_1_341' title='bbox 1013 3531 1057 3572; x_wconf 89' lang='lat' dir='ltr'><strong>ar·</strong></span> <span class='ocrx_word' id='word_1_342' title='bbox 1091 3534 1094 3539; x_wconf 95' lang='lat'>·</span> 
     </span>
    </p>
   </div>
   <div class='ocr_carea' id='block_1_4' title="bbox 0 0 1238 3896">
    <p class='ocr_par' dir='ltr' id='par_1_4' title="bbox 0 0 1238 3896">
     <span class='ocr_line' id='line_1_40' title="bbox 0 0 1238 3896; baseline 0 1"><span class='ocrx_word' id='word_1_343' title='bbox 0 0 1238 3896; x_wconf 95' lang='lat' dir='ltr'><strong> </strong></span> 
     </span>
    </p>
   </div>
  </div>
 </body>
</html>
