2468 3896
166 202 186 256 ii
505 213 533 262 C·
555 215 651 261 PLlNl
674 213 823 262 succum

169 388 230 429 rum
246 369 475 448 templorumque
492 370 655 430 tantundem
672 388 726 432 nec
741 369 861 448 amplius
877 370 987 444 luisse,
1009 367 1086 445 quod
1102 371 1178 447 qui-

167 453 232 513 dem
258 455 288 514 in
314 455 435 531 augurio
460 453 640 514 intellectum
665 463 727 533 εει,
754 471 817 514 cum
843 450 1022 531 Capitolinus
1046 451 1176 531 duplum

167 538 350 598 reddidisset.
384 537 453 598 illud
469 556 586 617 quoque
602 539 699 599 obiter
718 538 836 598 indicari
853 537 1046 596 convenit-
1061 545 1092 595 et
1108 538 1175 596 iarn

167 623 202 682 de
219 623 311 682 anulis
327 639 490 682 sermonem
506 624 694 701 repetivimus
705 657 758 701 -,
774 623 918 682 aedituum
932 620 1082 681 custodiae
1099 623 1173 681 eius

167 706 397 783 conprehensum
412 706 501 766 iracta
515 708 544 766 in
560 724 612 766 ore
626 707 701 766 anuli
718 723 829 786 gemma
842 705 935 764 statim
951 705 1121 782 exspirasse
1137 713 1174 764 et
1189 729 1205 767 5

126 801 158 855 16
170 790 303 850 indicium
315 791 354 849 ita
367 791 547 851 exstinctum.
572 809 646 869 ergo
659 799 689 850 ut
700 807 829 852 maxume
842 807 921 851 0000
934 796 1040 848 tautum
1053 788 1174 866 pondo,

167 892 229 935 cum
245 882 328 952 capta
345 883 391 933 est
404 873 513 951 Roma,
536 893 610 935 auno
627 873 816 935 cootxtltl.
838 875 939 949 luere,
960 889 1022 932 oum
1044 873 1099 931 iam
1118 891 1174 932 ca-

167 959 255 1036 pitum
271 958 531 1019 liberorummensa
548 968 648 1020 essent
662 957 735 1020 ctll
751 959 827 1018 milia
839 955 994 1017 otxxttt.
1016 957 1045 1015 in
1062 956 1174 1016 eadem

167 1050 235 1120 post
250 1059 340 1103 annos
357 1040 503 1120 ooovn,
527 1043 604 1122 quod
620 1062 658 1104 ex
674 1042 854 1123 Capitolinae
870 1042 950 1102 aedis
965 1040 1100 1101 incendio
1116 1059 1174 1102 ce·

166 1127 297 1204 terisque
321 1126 452 1187 omnihus
475 1127 604 1188 delubris
626 1125 658 1188 G.
673 1127 781 1189 llarius
808 1127 882 1186 filius
899 1125 1059 1186 Praeneste
1081 1125 1173 1185 detu·
1187 1145 1219 1185 sc

166 1209 257 1289 lerat,
276 1213 357 1280 iffi
370 1211 467 1291 pondo
477 1256 487 1288 ,
510 1229 584 1291 quae
609 1213 662 1272 sub
686 1230 722 1272 eo
738 1212 822 1272 titulo
838 1213 867 1270 iu
883 1209 1025 1288 triumpho
1041 1217 1173 1269 transtu-

167 1293 200 1354 lit
218 1293 296 1355 Sulla
313 1305 343 1356 et
361 1299 474 1374 argenti
490 1299 536 1364 t's’l-
567 1295 642 1356 idem
658 1316 695 1358 ex
711 1296 822 1374 reliqua
837 1295 911 1354 omui
930 1295 1051 1354 victoria
1067 1292 1172 1371 pridie

167 1379 353 1440 transtulerat
371 1382 431 1440 auri
451 1381 548 1460 pondo
563 1383 630 1458 ῑιῖ,
646 1383 757 1459 argenti
774 1379 870 1457 pondo
885 1381 968 1446 w.

20 1501 22 1506 .
127 1471 157 1526 17
234 1463 294 1541 (6.)
312 1463 506 1543 Frequentior
520 1475 615 1527 autem
629 1484 698 1526 usus
714 1465 861 1524 anulorum
879 1481 936 1522 non
951 1471 1017 1522 auto
1031 1459 1080 1521 Cu.
1098 1461 1172 1522 Fla·

167 1548 244 1607 uium
256 1547 329 1608 Auci
341 1549 428 1610 lilium
443 1550 679 1628 deprehenditur.
702 1548 749 1609 hic
760 1565 880 1626 namque
892 1545 1046 1626 publicatis
1057 1545 1172 1606 diebus
1187 1563 1215 1604 rs

165 1631 249 1690 lastis
262 1648 335 1710 quos
347 1633 471 1712 populus
485 1651 500 1694 a
515 1637 615 1714 paucis
629 1635 790 1713 principum
802 1633 910 1692 cotidie
926 1630 1045 1708 petebat
1056 1637 1171 1690 tantam

165 1715 288 1790 gratiam
303 1716 402 1794 plebei
425 1716 546 1796 adeptus
566 1727 627 1795 est,
644 1716 840 1777 —libertino
856 1724 938 1794 patre
956 1715 1063 1792 alioqui
1079 1717 1171 1791 geni·

166 1806 213 1856 tus
235 1807 265 1858 ει
284 1801 349 1878 ipse
366 1802 462 1861 scriba
479 1801 555 1880 Appi
572 1800 675 1879 Caeci,
700 1803 779 1861 cuius
795 1799 910 1859 hortatu
930 1807 1088 1876 exceperat
1108 1817 1170 1859 eos

166 1881 229 1941 dies
246 1883 435 1944 consultando
453 1885 571 1945 adsidue
589 1887 685 1964 sagaci
699 1886 818 1963 iugenio
837 1883 1104 1962 promulgaratque,
1120 1917 1171 1928 -

169 1973 200 2024 ut
216 1966 318 2026 aedilis
334 1967 441 2028 curulis
458 1977 609 2030 crearetur
626 1987 688 2030 cum
707 1967 740 2042 Q.
758 1969 862 2028 Anicio
877 1967 1086 2044 Praenestino,
1113 1971 1169 2045 qui
1180 1985 1212 2027 so

166 2052 265 2126 paucis
289 2060 355 2111 ante
377 2055 457 2113 annis
473 2051 567 2113 hostis
587 2054 709 2132 luisset,
731 2053 900 2133 praeteritis
922 2049 955 2111 G.
972 2050 1108 2111 Poetelio
1134 2061 1170 2112 et

124 2132 294 2197 titDomitio
310 2153 430 2213 quorum
451 2145 549 2215 patres
566 2138 702 2199 consules
718 2139 840 2198 luerent.
872 2134 995 2195 additum
1014 2133 1115 2195 Flavio
1134 2145 1170 2196 ut

166 2217 248 2278 simul
270 2227 300 2279 et
324 2220 454 2280 tribunus
476 2221 575 2300 plebei
597 2231 695 2300 esset,
723 2237 786 2300 quo.
805 2221 882 2280 lacto
902 2227 980 2278 tauta
1002 2218 1169 2297 indignatio

166 2303 275 2362 exarsit
297 2312 327 2362 ut
353 2305 482 2365 anulos
507 2307 680 2366 abiectos
709 2307 738 2365 iu
764 2305 969 2381 antiquissimis
997 2305 1170 2380 reperiatur

165 2386 322 2447 annalibus.
356 2388 428 2448 fallit
445 2390 603 2468 plerosque
621 2390 697 2468 quod
718 2400 775 2450 tum
798 2396 828 2448 et
845 2395 1011 2465 equestrem
1031 2385 1168 2448 ordinem
1181 2409 1207 2449 as

165 2470 193 2529 id
209 2472 316 2532 iecisse
335 2473 517 2533 arbitrantur.
557 2477 674 2534 atenim
698 2474 839 2533 adiectum
862 2471 918 2530 hoc
939 2488 1072 2551 quoque:
1096 2474 1168 2532 sed
1201 2470 1205 2478 ’

166 2563 201 2614 ει
216 2555 389 2633 phaleras
406 2559 549 2634 positas
558 2602 567 2634 ,
580 2567 758 2637 propterque
772 2573 876 2616 nomen
884 2558 1011 2634 equitum
1021 2555 1167 2616 adiectum

165 2647 228 2715 est,
250 2639 351 2700 anulos
366 2657 483 2719 quoque
499 2641 651 2720 depositos
667 2661 682 2702 a
698 2640 851 2701 nobilitate
868 2641 897 2699 in
912 2640 1021 2699 annalis
1038 2640 1167 2700 relatum

123 2732 156 2786 19
168 2730 225 2798 est,
240 2740 296 2782 nou
314 2742 329 2783 a
345 2732 447 2784 senatu
463 2726 608 2785 universo.
635 2726 691 2786 lnoc
709 2735 801 2786 actum
818 2724 848 2784 P.
861 2724 1034 2802 Sempronio
1050 2724 1080 2785 P.
1097 2724 1167 2784 Sul·

165 2809 242 2886 picio
258 2806 434 2868 consulibus.
457 2808 574 2870 Flavius
585 2811 668 2870 uouit
683 2811 782 2872 aedem
799 2806 993 2886 Concordiae,
1010 2811 1033 2868 si
1050 2809 1166 2888 populo
1178 2833 1205 2874 ao

164 2891 387 2952 reconciliasset
403 2893 528 2953 ordines.
545 2903 652 2955 etcum
668 2895 702 2954 ad
720 2894 748 2954 id
764 2893 885 2972 pecunia
902 2893 1019 2971 publice
1038 2910 1095 2952 nou
1112 2892 1167 2954 de-

164 2984 350 3053 cerneretur,
382 2995 419 3036 ex
440 2977 595 3038 multaticia
616 2977 848 3039 faeneratoribus
865 2976 1062 3037 condemnatis
1083 2976 1165 3037 aedi-

165 3059 255 3120 culam
271 3079 387 3120 aeream
400 3061 471 3120 iecit
487 3063 515 3121 iu
529 3061 726 3140 Graecostasi,
742 3080 815 3140 quae
831 3070 897 3120 tunc
913 3078 1000 3138 supra
1016 3063 1166 3122 comitium

165 3153 238 3219 erat,
250 3144 406 3222 inciditque
424 3147 451 3204 iu
467 3145 574 3207 tabella
589 3165 676 3207 aerea
691 3148 792 3207 iactam
805 3163 866 3205 earu
881 3145 982 3205 aedem
996 3143 1101 3206 GGllll
1113 3165 1166 3206 an·

120 3239 156 3292 to
167 3229 210 3288 nis
227 3236 294 3306 post
310 3226 500 3306 Capitolinam
515 3229 685 3292 dedicatam.
711 3234 751 3290 ita
763 3227 998 3290 ooooxtvutl
1016 3247 1031 3289 a
1046 3229 1165 3292 condita
1176 3257 1203 3296 aa

164 3311 236 3372 urbe
253 3304 368 3389 gestum
384 3321 430 3372 est
446 3321 476 3373 et
493 3315 612 3394 primum
631 3315 778 3377 anulorum
795 3315 950 3391 vestigium
969 3323 1079 3392 exstat,
1094 3333 1165 3394 pro·

163 3398 262 3457 miscui
289 3405 383 3458 autem
407 3409 476 3478 usus
502 3397 623 3458 alterum
650 3399 778 3459 secundo
804 3397 914 3460 Punico
941 3399 1039 3476 bello,
1063 3417 1163 3478 ueque

163 3481 238 3541 enim
254 3481 340 3541 aliter
356 3482 521 3560 potuissent
537 3482 668 3544 trimodia
683 3483 832 3545 anulorum
846 3482 894 3542 illa
908 3481 1111 3562 Carthaginem
1125 3485 1164 3546 ab
