2510 3898
129 191 168 252 88
473 201 503 248 c.
519 200 612 248 enirn
630 199 779 248 1111111

129 357 242 437 quidem
260 365 376 418 secutus
399 353 564 416 humilitatis
585 363 680 416 tamen
698 370 831 413 summanr
851 352 971 430 adeptus
997 360 1043 413 est
1061 353 1126 430 glo·

129 443 208 504 riam.
239 443 395 502 tonstrinas
414 440 596 516 sutrinasque
611 439 704 517 pinxit
725 446 755 497 et
775 437 884 498 asellos
900 445 931 497 et
946 438 1068 514 opsonia
1091 455 1126 498 ac

130 527 248 598 similia,
266 527 302 586 ob
319 525 391 585 baec
415 525 632 600 cognominatus
658 519 929 600 rhyparographcs‚
950 522 978 580 in
999 522 1034 580 iis
1056 539 1125 581 con-

130 619 285 671 summatae
302 609 479 687 voluptatis,
504 609 611 686 quippe
633 624 687 666 eae
710 605 799 682 pluris
821 606 942 665 veniere
963 622 1046 683 quam
1068 621 1126 664 rna·

90 704 139 758 113
149 712 251 754 xumae
264 693 423 752 multorum.
461 689 613 751 Edivorso
626 689 791 765 Maeniana,
807 690 901 767 inquit
912 688 1018 766 Varro,
1032 690 1151 749 omniac

131 779 284 854 operiebat
313 776 481 854 Serapionis
512 774 607 834 tabula
634 774 687 834 sub
714 773 882 833 Veteribus.
928 771 974 832 hic
1004 791 1126 832 scaenas

131 869 249 938 optume
284 861 394 940 pinxit,
420 858 472 918 sed
502 857 644 918 hominem
668 858 791 936 pingere
818 874 875 918 non
901 858 995 936 potuit
1025 865 1128 916 contra

130 943 286 1021 Dionysius
303 942 371 1003 nihil
389 942 464 1003 aliud
481 960 563 1021 quarn
579 941 709 1002 homines
731 942 839 1020 pinxit,
859 941 896 1001 ob
919 940 947 1001 id
970 939 1128 1018 anthropo·

90 1037 138 1093 111
148 1028 274 1106 graphas
290 1029 518 1105 cognominatus.
549 1025 639 1086 Parva
654 1034 685 1086 et
700 1023 835 1086 Callicles
856 1025 943 1101 iecit,
959 1025 1028 1085 item
1045 1022 1127 1084 Gala·

131 1120 176 1172 tes
193 1113 310 1173 comicis
327 1111 459 1187 tabellis,
482 1119 603 1189 utraque
619 1109 795 1188 Antiphilus.
834 1129 897 1172 nam
920 1118 950 1170 et
968 1107 1124 1169 Hesionam
1136 1125 1165 1167 rc

131 1195 258 1256 nobilem
282 1197 374 1274 pinxit
396 1205 426 1256 et
442 1194 636 1256 Alexandrum
661 1213 694 1254 ac
714 1192 875 1272 Philippum
902 1210 964 1255 cum
985 1190 1127 1266 Minerva,

131 1281 179 1357 qui
197 1289 263 1340 sunt
283 1282 313 1340 in
329 1278 429 1340 schola
450 1269 479 1339 i'n
497 1277 634 1339 Octaviae
650 1278 826 1356 porticibus,
845 1287 875 1339 et
893 1280 921 1337 in
937 1276 1066 1355 Philippi·
1082 1275 1128 1334 Li·

131 1363 231 1424 berum
244 1361 569 1443 patrem‚hlexandrum
582 1381 712 1442 puerum,
725 1360 911 1440 Hippolytum
924 1369 1006 1420 tauro
1018 1361 1127 1435 emisso

131 1457 392 1526 expavescentem,
410 1450 439 1507 in
449 1446 587 1525 Pompeia
601 1464 672 1508 vero
686 1444 820 1506 Cadmum
831 1448 862 1507 'et
876 1445 1024 1524 Europen.
1051 1443 1128 1504 idem

132 1533 240 1592 iocosis
267 1533 382 1592 nomine
406 1531 533 1608 Gryllum
558 1530 706 1592 deridiculi
730 1529 843 1590 habitus
861 1531 973 1609 pinxit,
997 1527 1071 1589 unde
1098 1527 1166 1590 idrc

130 1633 223 1693 genus
239 1617 368 1694 picturae
388 1615 475 1692 grylli
492 1623 639 1675 vocantur.
679 1615 788 1692 ipsein
805 1614 942 1693 Aegypto
959 1611 1129 1674 111111111-

35 1732 40 1743 ·
90 1701 190 1764 115111
207 1698 412 1760 aCtesidemo.
442 1698 536 1759 Decet
550 1715 607 1759 non
624 1699 704 1759 sileri
721 1707 751 1757 et
766 1697 902 1759 Ardeatis
917 1697 1017 1776 templi
1033 1699 1127 1776 picto·

130 1801 209 1858 rem,
226 1785 399 1862 praesertim
416 1783 533 1842 civitate
550 1781 683 1843 donatum
704 1783 743 1842 ibi
759 1791 789 1843 11
804 1783 929 1843 carmine
945 1780 1022 1859 quod
1037 1789 1082 1842 est
1097 1782 1128 1841 iu

133 1867 196 1944 ipsa
213 1868 323 1944 pictura
338 1859 382 1926 his
399 1865 549 1926 versibus:

173 1949 302 2028 Dignis
325 1949 454 2028 dignu’
473 1949 557 2009 loco
580 1951 743 2029 picturis
767 1949 1037 2011 condecoravit
1137 1960 1165 2000 ²⁰

173 2035 331 2111 reginae
350 2032 498 2094 lunoni'
523 2035 682 2113 supremi
702 2035 872 2112 coniugi’
894 2034 1067 2113 templum

172 2116 506 2195 Plautiu'hlarcus‚
521 2117 721 2179 clncthsia
739 2118 814 2180 lata
834 2137 917 2180 esse
938 2118 1127 2196 oriundus,

174 2220 276 2281 quem
310 2220 401 2262 nunc
441 2210 475 2262 et
509 2210 594 2280 post
622 2220 768 2282 semper
808 2203 851 2263 ob
887 2211 1001 2264 artem
1038 2201 1128 2262 banc

623 2285 746 2348 Ardea
769 2287 909 2363 laudat,

91 2380 141 2436 116
152 2387 243 2448 eaque
274 2379 339 2429 sunt
360 2371 468 2450 scripta
488 2371 612 2449 antiquis
633 2369 740 2431 litteris
763 2369 892 2446 Latinis,
918 2389 975 2432 non
996 2369 1165 2432 handau-²⁶

132 2454 168 2514 do
200 2463 230 2513 et
261 2453 289 2514 S.
313 2452 402 2515 'ladio
430 2454 488 2515 divi
517 2454 642 2532 Augusti
671 2463 768 2516 aetate
797 2457 844 2533 qui
875 2457 982 2535 primus
1004 2456 1127 2515 instituit

131 2539 359 2598 amoenissimam
385 2539 527 2618 parietum
548 2540 704 2617 picturam,
725 2539 809 2600 villas
826 2547 856 2600 11
880 2541 1009 2619 porticus
1030 2558 1063 2600 ac
1083 2548 1128 2598 to·

132 2623 223 2700 piaria
249 2639 357 2699 opera,
389 2622 488 2699 lucos,
517 2639 651 2700 nemora,
683 2623 784 2700 collis,
817 2625 959 2703 piscinas,
996 2625 1126 2702 euripos,

132 2707 239 2782 amnis,
254 2705 358 2782 litora,
376 2705 470 2784 qualia
485 2707 548 2783 quis
566 2715 697 2784 optaret,
717 2710 811 2768 varias
828 2707 868 2768 ibi
885 2707 1126 2769 obambulantium

133 2790 248 2868 species
280 2798 327 2848 aut
354 2791 545 2868 navigantium
571 2799 706 2869 terraque
727 2791 812 2852 villas
840 2791 1002 2853 adeuntium
1026 2790 1125 2852 asellis
1135 2803 1164 2844 31

132 2882 180 2933 aut
206 2873 363 2952 vehiculis,
394 2876 448 2934 iam
475 2875 630 2953 piscantis,
657 2878 823 2956 aucupantis
847 2885 894 2936 ant
919 2876 1051 2938 venantis
1078 2884 1126 2936 aut

90 2967 139 3026 111
153 2959 238 3018 etiam
266 2957 495 3019 vindeminantis.
541 2966 606 3018 sunt
633 2960 662 3018 in
685 2961 752 3021 eius
774 2960 988 3038 exemplaribus
1010 2958 1125 3020 nobiles

132 3041 251 3121 palustri
280 3061 400 3104 accessu
425 3043 529 3121 villae,
569 3042 735 3105 succollatis
766 3045 925 3124 sponsione
956 3043 1125 3104 mulieribus

132 3125 263 3186 labantes
289 3128 410 3204 trepidis
434 3144 508 3206 quae
533 3128 681 3205 feruntur,
705 3127 852 3206 plurumae
874 3136 1027 3207 praeterea
1053 3127 1125 3187 tales

132 3211 262 3286 argutiae
282 3211 451 3271 facetissimi
468 3210 548 3272 salis.
581 3211 656 3272 idem
675 3211 852 3273 subdialibus
874 3213 1027 3272 maritimas
1046 3210 1164 3270 urbisne

133 3297 255 3372 pingere
280 3295 421 3371 instituit,
453 3294 639 3356 blandissimo
667 3305 788 3377 aspectu
818 3299 1001 3375 minumoque
1026 3296 1127 3375 inpen-

92 3389 141 3446 118
156 3378 213 3439 dio.
269 3377 327 3442 Sed
357 3381 433 3442 nulla
472 3381 567 3462 gloria
596 3383 736 3444 artificum
769 3391 816 3444 est
845 3383 900 3443 nisi
931 3385 980 3463 qui
1012 3383 1124 3446 tabulas

131 3465 273 3545 pinxere,
309 3483 346 3526 eo
374 3465 573 3527 venerabilior
602 3468 780 3545 antiquitatis
807 3465 959 3546 prudentia
993 3469 1124 3548 adparet.
