2510 3898
178 226 256 276 aar.
277 225 369 274 essu.
393 227 499 276 xxxv.
524 223 565 280 lt.
589 209 662 297 (at.)
682 245 725 259 —
743 228 864 276 xxxva
886 227 909 279 a.
933 216 988 296 (a.)
1035 216 1095 280 105

364 517 399 600 u.
428 457 575 602 uuum
605 519 833 607 saeuum

182 687 570 784 tthhuuhtt
616 689 1002 787 hithhiiihh

409 869 777 936 usnnnxxxvu.

54 1167 79 1207 uc
157 1143 228 1224 Gap.
246 1147 272 1206 1.
291 1143 384 1223 (Sect.
403 1145 445 1224 1.)
459 1141 597 1222 Lepidum
612 1153 713 1206 natura
727 1153 833 1224 restat,
848 1144 905 1205 hcc
922 1154 967 1205 est
983 1149 1119 1225 praeci-l

91 1249 147 1308 pua
167 1247 278 1290 morum
293 1229 420 1306 insania,
436 1229 522 1290 etiam
536 1235 568 1288 ut
583 1247 715 1306 gemmae
730 1247 794 1290 cum
809 1230 915 1290 sucinis
931 1238 1018 1309 atque
1032 1248 1096 1309 cry·

91 1313 218 1374 stallinis
245 1314 439 1392 murrinisque
462 1313 611 1374 sileantur.
651 1315 886 1393 omnia-namque
909 1331 982 1392 quae
1003 1333 1095 1393 usque

3 1473 5 1476 Ι
91 1399 125 1458 ad
148 1397 207 1459 hoc
229 1398 368 1459 volumen
394 1399 579 1458 tractavimus
600 1398 744 1459 hominum
769 1400 868 1476 genita
894 1415 979 1458 cansa
1004 1397 1095 1459 videri

90 1491 234 1562 possunt,
248 1484 355 1544 montis
370 1490 470 1544 natura
482 1483 538 1543 sihi
552 1482 665 1545 fecerat
680 1491 710 1543 et
729 1480 865 1560 quasdam
879 1499 1028 1561 conpages
1043 1482 1097 1543 tel-

3 1601 5 1646 g
58 1567 165 1628 achoris
186 1567 353 1628 visceribus
375 1567 547 1644 densandis,
569 1567 653 1628 simul
674 1575 704 1628 et
727 1565 872 1627 huminum
895 1569 1020 1645 impetus
1045 1566 1096 1628 do·

90 1651 212 1712 mandos
245 1650 407 1730 ductusque
437 1651 614 1730 frangendos
644 1670 678 1712 ac
705 1653 829 1713 minume
857 1653 972 1731 quietas
1005 1652 1095 1730 partis

91 1735 273 1798 coercendas
290 1735 442 1798 durissima
457 1737 501 1797 sui
517 1738 645 1798 materia.
669 1736 815 1797 caedimus
830 1735 885 1798 hos
898 1735 1095 1816 trahimusque

91 1820 170 1881 nulla
186 1819 243 1881 alia
259 1838 343 1900 qaam
353 1821 521 1882 deliciarum
536 1839 639 1900 causa,
655 1839 729 1900 quos
745 1821 962 1883 transcendisse
978 1839 1095 1900 quoque

91 1907 194 1966 mirum
215 1906 278 1966 fuit.
316 1904 350 1965 ln
373 1913 513 1990 portento
535 1923 629 1985 prope
650 1906 776 1966 maiores
795 1905 925 1968 habuere
949 1906 1033 1984 Alpis
1054 1907 1120 1971 aba

59 1988 253 2050 milannihale
272 1998 466 2068 exsuperatas
482 1998 512 2050 et
530 1999 632 2069 postea
651 2009 667 2051 a
683 1988 825 2068 Cimbris,
842 2009 917 2052 nuuc
931 1992 1013 2070 ipsae
1029 2008 1095 2052 cae·

93 2074 197 2134 duntur
217 2075 247 2133 in
266 2073 345 2134 mille
361 2091 472 2152 genera
493 2092 680 2152 marmorum,
702 2077 903 2155 promontoria
925 2076 1093 2154 aperiuntur

92 2159 179 2235 mari,
200 2167 231 2218 et
246 2175 344 2218 rerum
358 2168 458 2219 natura
472 2159 570 2236 agitur
586 2161 614 2219 in
634 2159 756 2238 planum.
801 2159 951 2221 evehimus
969 2178 1004 2220 ea
1020 2177 1093 2238 quae

93 2241 263 2322 separandis
278 2242 417 2320 gentihus
431 2260 487 2322 pro
504 2244 634 2304 terminis
649 2245 807 2306 constituta
825 2252 924 2322 erant,
946 2261 1094 2323 navesque

92 2343 264 2387 marmorum
279 2344 366 2389 causa
382 2327 452 2388 fiunt
467 2326 706 2407 aspernamus,
723 2330 920 2390 saevissimam
935 2347 1031 2389 rerum
1047 2346 1095 2390 na·

60 2418 174 2471 acturae
189 2418 313 2490 partem,
327 2410 382 2472 huc
396 2410 466 2473 illuc
476 2421 630 2492 portantur
641 2414 707 2490 iuga
717 2415 828 2474 maiore
845 2413 997 2474 etiamnum
1010 2415 1094 2473 venia

3 2553 5 2568 ,
93 2513 175 2574 quam
197 2513 260 2556 cum
282 2495 318 2556 ad
341 2496 465 2575 frigidos
487 2506 576 2577 potus
600 2515 652 2558 vas
670 2497 780 2576 petitur
794 2499 824 2557 in
838 2496 935 2557 nubila
950 2496 1094 2576 caeloque

3 2573 6 2684 j
93 2597 253 2659 proxumae
269 2598 357 2659 rupes
374 2590 512 2643 cavantur
533 2590 564 2642 ut
582 2581 698 2642 bibatur
713 2581 818 2660 glacie.
855 2599 953 2642 secum
970 2582 1122 2661 quisquea

93 2665 206 2742 cogitet
222 2673 252 2724 et
267 2683 342 2744 quae
354 2668 450 2745 pretia
465 2667 567 2726 horum
582 2665 687 2746 audiat,
699 2684 770 2744 quas
782 2666 851 2728 vehi
864 2665 996 2745 trahique
1009 2667 1094 2728 molis

93 2749 202 2826 videat,
215 2757 245 2808 et
257 2767 339 2828 quam
355 2751 419 2811 sine
434 2751 470 2810 iis
487 2749 639 2811 multorum
655 2751 693 2810 sit
707 2750 823 2812 beatior
834 2753 904 2828 vita,
916 2752 972 2812 ista
982 2752 1094 2829 iacere,

62 2833 177 2895 mimmo
196 2835 296 2895 verius
320 2836 380 2914 pati
396 2833 527 2895 mortalis
546 2852 619 2914 quos
640 2835 678 2896 oh
702 2853 770 2897 usos
786 2853 896 2916 quasve
913 2835 949 2896 ad
965 2835 1096 2915 volupta-

93 2926 138 2979 tes
155 2918 226 2979 ahias
245 2918 299 2978 nisi
315 2927 346 2978 ut
361 2920 439 2981 inter
452 2919 578 2980 maculas
593 2919 718 3000 lapidum
732 2922 862 2998 iaceant,
878 2938 933 2980 ceu
947 2937 1020 2980 vero
1036 2937 1093 2980 non

94 3003 225 3088 tenebris
241 3005 385 3082 noctium,
402 3003 518 3065 dimidia
533 3012 616 3084 parte
631 3005 710 3064 vitae
729 3007 886 3084 cuiusque,
903 3003 1006 3082 gaudia
1021 3004 1094 3066 haec

94 3088 304 3150 auferentibus.

156 3172 218 3253 (2.)
230 3172 337 3251 lugens
348 3175 403 3235 ista
414 3180 599 3254 reputantem
610 3173 688 3232 subit
700 3173 786 3233 etiam
798 3173 976 3251 antiquitatis
991 3174 1090 3235 rubor.
1102 3185 1121 3239 t

62 3265 209 3317 seorstant
223 3259 378 3318 censoriae
393 3258 478 3337 leges
496 3255 610 3336 glandia
628 3258 657 3317 in
677 3258 776 3334 cenis,
798 3257 881 3334 gliris
897 3267 928 3318 et
947 3258 1002 3320 alia
1016 3259 1093 3320 dictu

92 3342 203 3402 minora
224 3340 331 3421 adponi
353 3351 502 3422 vetantes,
529 3359 671 3402 marmora
693 3339 808 3420 invehi,
834 3343 921 3403 maria
944 3343 1026 3404 huius
1048 3343 1093 3404 rei

93 3443 178 3487 causa
192 3427 310 3487 transiri
326 3443 401 3506 qnae
419 3436 536 3489 vetaret
557 3425 608 3488 lex
626 3426 703 3488 nulla
722 3425 780 3488 lata
797 3435 850 3489 est.
896 3427 923 3488 2.
946 3427 1021 3488 dicat
1034 3428 1093 3489 ior-

94 3513 179 3572 tassis
196 3510 316 3589 aliquis:
334 3528 393 3572 non
409 3514 484 3572 enim
497 3510 719 3572 invehebantur.
748 3510 776 3571 id
794 3510 907 3591 quidem
922 3511 1005 3572 iaiso.
1035 3519 1118 3572 tre-5
