2468 3896
264 229 345 276 1111.
368 227 457 278 ausu.
477 229 616 278 xxxuu.
636 225 738 282 1-10
762 215 913 294 (tt—ub.)
1046 213 1083 276 51

77 384 163 444 aeris
184 383 333 446 adfectant
349 384 417 446 olco
437 402 472 446 ac
493 384 566 446 sole.
604 383 651 446 Fit
668 381 814 463 Campano
832 382 925 444 simile
943 384 973 442 in
988 381 1083 444 multis
1094 393 1129 449 96

76 467 218 546 partibus
232 467 334 531 ltaliae
354 471 582 548 provinciisque,
602 467 654 530 sed
670 476 791 530 octonas
808 467 915 546 plumbi
931 467 1021 529 libras
1039 466 1086 528 ad-

77 553 153 612 dunt
169 561 202 612 et
217 554 346 615 carbone
358 563 498 616 recocunt
513 563 635 634 propter
649 555 776 633 inopiam
792 552 872 630 ligni.
900 559 1034 632 quantum
1051 569 1085 612 ea

75 655 127 696 res
148 635 336 700 differentiae
355 638 466 700 adferat
488 641 517 700 in
533 637 623 699 Gallia
644 656 774 699 maxume
796 638 921 698 sentitur
937 637 986 698 ubi
1008 639 1085 704 inter

55 719 196 800 elapides
216 722 405 785 candefactos
421 723 568 801 funditur,
587 731 730 785 exurente
747 723 823 784 euim
838 729 956 782 coctura
972 723 1084 799 nigrum

75 813 168 884 atque
191 799 306 884 frugile'
322 808 483 870 conficitur.
527 816 683 887 praeterea
707 807 799 869 semel
823 814 979 883 recocunt,
1007 804 1084 884 quod

76 891 201 969 saepius
218 890 328 954 fecisse
343 893 466 954 bonitati
483 891 642 972 plurumum
656 892 780 954 confert.
805 892 833 954 9.
854 890 887 952 ld
903 908 1020 971 quoque
1035 906 1086 948 no·

75 981 160 1035 tasse
175 992 236 1035 non
256 976 291 1037 ab
309 996 343 1038 re
362 985 424 1053 est,
450 995 500 1038 aes
516 994 601 1038 omne
621 978 734 1054 frigore
749 994 853 1055 magno
873 975 977 1036 melius
993 972 1098 1036 fundi..

75 1057 217 1138 Sequens
241 1069 437 1141 temperatura
461 1063 599 1124 statuaria
619 1071 666 1123 est
687 1061 845 1141 eademque
869 1060 1007 1121 tabularis
1025 1059 1125 1124 110191

44 1143 183 1215 10modo:
208 1163 303 1206 massa
324 1145 467 1226 proflatur
482 1148 511 1207 in
529 1148 647 1226 primis,
668 1164 737 1207 mox
758 1148 787 1206 in
804 1145 955 1225 proflatum
971 1144 1084 1205 additur

75 1229 166 1289 111111
183 1232 285 1308 portio
301 1233 376 1291 acris
393 1231 586 1309 collectanei,
603 1231 660 1293 boc
675 1240 721 1292 est
737 1249 776 1292 111
791 1250 844 1291 usu
859 1231 995 1310 coempti.
1033 1245 1084 1309 pe-

75 1312 190 1373 culiare
217 1315 247 1374 in
269 1333 306 1376 eo
327 1316 539 1378 condimentum
562 1316 669 1376 adtritu
691 1316 790 1376 domiti
819 1325 850 1377 et
873 1313 1083 1376 consuetudine

75 1399 183 1458 nitoris
209 1398 301 1460 veluti
326 1402 524 1462 mansuefacti.
558 1403 717 1464 miscentur
739 1409 769 1462 et
792 1399 900 1480 plumbi
925 1395 1082 1478 argentarii

75 1481 176 1559 pondo
205 1482 339 1558 duodena
367 1503 400 1546 ac
423 1485 551 1548 selibrae
579 1486 712 1548 centenis
737 1483 862 1566 probati.
905 1482 1126 1562 Appellatur98

48 1596 67 1636 1,
76 1567 235 1626 etiamnum
255 1578 285 1630 et
300 1570 431 1632 formalis
447 1579 643 1650 temperatura
659 1572 736 1632 aeris
757 1569 924 1645 tenerrimi,
949 1568 1083 1646 quoniam

75 1652 154 1728 nigri
176 1651 288 1731 plumbi
312 1654 431 1716 decuma
455 1657 553 1735 portio
575 1655 689 1717 additur
707 1663 737 1717 et
758 1654 916 1733 argentarii
933 1653 1082 1726 vicesima,

0 1797 1 1800 ,
75 1753 271 1816 maxumeque
288 1740 328 1801 ita
343 1741 474 1802 colorem
489 1740 564 1800 bibit
576 1758 662 1819 quem
673 1739 878 1802 Graecanicum
890 1745 1003 1800 vocant.
1023 1735 1082 1795 No-

75 1821 198 1882 vissima
214 1829 261 1884 est
276 1841 351 1903 quae
365 1834 487 1886 vocatur
503 1825 617 1903 ollaria,
632 1844 703 1888 vase
718 1843 824 1887 nomen
839 1824 896 1886 boc
908 1823 1004 1900 dante,
1025 1829 1081 1881 ter-

0 1907 1 1916 ’
76 1906 121 1965 nis
145 1914 195 1967 aut
216 1910 366 1987 quaternis
384 1909 468 1970 libris
488 1909 595 1989 plumbi
617 1911 773 1989 argentarii
796 1911 825 1970 in
841 1916 981 1971 centenas
1003 1906 1081 1967 aeris

48 1988 193 2063 gadditis.
231 1990 341 2074 Cyprio
362 1996 387 2056 si
408 1995 528 2056 addatur
549 1994 712 2074 plumbum,
737 1995 821 2056 colos
837 2010 982 2075 purpurae
998 1991 1030 2051 fit
1052 1991 1081 2049 in

78 2082 237 2136 statuarum
253 2080 424 2157 praetextis.

141 2159 228 2240 (21.)
244 2162 324 2224 Aera
340 2173 459 2226 extersa
472 2165 637 2243 robiginem
653 2164 780 2226 celerius
797 2162 911 2224 trabunt
928 2179 1012 2241 quam
1027 2178 1077 2220 ne·
1089 2169 1124 2226 99

78 2242 188 2322 glecta,
204 2248 261 2307 uisi
277 2247 346 2310 oleo
363 2259 589 2328 perunguantur.
616 2250 729 2312 servari
745 2268 780 2311 ea
798 2257 915 2328 optume
930 2249 960 2307 in
972 2245 1080 2325 liquide

79 2329 143 2406 pice
170 2330 294 2394 tradunt.
332 2353 401 2396 usus
423 2336 501 2397 aeris
525 2335 560 2396 cd
582 2336 810 2416 perpetuitatem
830 2340 1079 2393 monumentorum

51 2414 133 2487 giam
155 2415 270 2493 pridem
294 2418 415 2480 tralatus
444 2428 490 2480 est
511 2419 617 2481 tabulis
644 2420 740 2481 aereis
768 2419 798 2478 in
820 2417 925 2496 quibus
945 2415 1079 2495 publicae

79 2501 304 2564 constitutiones
320 2502 491 2565 inciduntur.

143 2584 192 2646 10.
219 2585 300 2668 (22.)
322 2587 441 2649 bletalla
458 2590 536 2650 aeris
550 2589 647 2650 multis
663 2588 755 2650 modis
778 2588 922 2648 instruunt
942 2582 1058 2646 medici·
1072 2596 1122 2650 100

79 2685 153 2747 uam,
169 2678 273 2750 utpote
286 2690 349 2733 cum
360 2673 458 2735 ulcera
473 2675 568 2735 omnia
579 2674 619 2734 ibi
633 2675 769 2736 ocissime
784 2679 933 2749 sanentur,
947 2687 1078 2731 maxume

80 2760 174 2814 tumen
190 2766 313 2834 prosunt
326 2757 451 2820 cadmea.
473 2757 521 2819 Fit
535 2761 598 2821 sine
610 2758 699 2821 dubio
714 2758 788 2820 haec
801 2767 831 2820 et
844 2758 873 2817 in
887 2756 1000 2836 argenti
1019 2754 1077 2814 for-

4 2844 9 2866 ’·
51 2839 214 2919 quaemus,
230 2841 379 2903 candidior
393 2861 427 2906 uc
441 2844 534 2906 minus
551 2842 729 2924 ponderosa,
745 2842 798 2906 sed
814 2858 994 2921 nequaquam
1010 2857 1077 2900 con-

79 2924 203 3001 paranda
216 2929 359 2990 aerariae.
390 2928 474 3008 plura
488 2938 583 2992 autem
596 2948 707 3008 genera
724 2935 798 2990 sunt.
828 2944 950 3006 namque
967 2932 997 2985 ut
1012 2925 1076 3003 ipse

80 3007 150 3088 lapis
176 3029 215 3072 ex
236 3030 294 3092 qno
316 3014 348 3074 lit
368 3032 421 3074 aes
440 3013 557 3074 cadmea
578 3024 715 3093 vocatur,
747 3013 855 3074 fusuris
879 3011 1075 3088 necessarius,

3 3137 5 3186 μ
80 3093 237 3160 medicinae
256 3098 378 3177 inutilis,
393 3099 438 3159 sic
452 3117 553 3160 rursus
569 3099 599 3159 in
613 3099 781 3162 fornacibus
801 3097 917 3158 exsistit
933 3095 988 3156 alia
1001 3113 1075 3174 quae

3 3189 5 3228 1
80 3182 200 3242 nominis
217 3183 261 3244 sui
281 3183 424 3263 originem
441 3184 555 3263 recipit.
594 3185 735 3246 litantem
756 3190 859 3262 egesta
875 3181 992 3242 dammis
1015 3189 1055 3240 at·
1067 3194 1113 3244 101

52 3281 134 3347 gque
153 3265 221 3328 flatu
245 3269 415 3330 tenuissima
435 3276 519 3348 parte
541 3270 679 3330 materiae
701 3277 731 3330 11
752 3268 872 3329 camaris
895 3265 1074 3327 lateribusve

81 3348 236 3414 lomacium
256 3371 311 3433 pro
332 3355 492 3433 quantitate
507 3352 636 3414 levitatis
652 3353 802 3434 adplicata.
840 3353 1008 3414 tenuissime
1028 3358 1074 3411 est

82 3435 190 3517 inipso
212 3437 372 3500 fornacium
394 3456 465 3516 ore,
491 3455 546 3516 qua
562 3436 689 3500 flammae
713 3438 902 3516 fluctuantur,
928 3435 1074 3518 appellata

83 3522 220 3601 capnitis,
240 3533 344 3588 exusta
367 3532 398 3585 et
419 3524 505 3584 nimia
526 3522 645 3586 levitate
668 3522 768 3585 similis
787 3521 912 3664 muger?
949 3517 1074 3579 interior
