2468 3896
257 239 336 287 nnn.
356 237 448 286 rursu.
464 236 604 284 xxxrnr.
621 233 739 289 14—16.
758 221 906 306 (ar—at.)
1041 225 1078 286 61

81 399 126 459 los
149 397 199 475 qui
223 396 328 456 reiecti
350 395 408 454 sint
430 391 566 472 robigine
588 393 719 454 infestari
748 393 915 454 carentibus
941 413 977 455 ea
1004 395 1082 473 ptio-

80 483 171 543 ribus.

141 565 221 645 (44.)
237 563 411 624 Medicinae
424 564 562 624 ferroest
577 572 607 623 et
624 561 679 623 alia
696 579 779 640 quam
791 563 917 624 secandi.
940 583 1062 644 namque
1074 575 1124 630 151

80 661 109 714 ct
125 649 327 711 circumscribi
350 648 460 709 circulo
483 657 566 709 terve
590 647 758 708 circumlato
779 666 917 709 mucrone
934 658 964 710 et
978 648 1082 710 adultis

10 781 11 812 2
61 746 109 801 set
130 734 291 795 infantibus
308 733 432 812 prodest
447 741 549 794 contra
570 735 659 794 noxia
680 731 906 811 medicamenta,
930 743 960 794 et
979 733 1083 813 praeli·

79 823 160 880 nisse
180 821 211 878 in
226 819 325 879 limine
342 818 462 879 evolsos
478 817 641 896 sepulchris
657 816 757 878 clavos
773 817 913 880 adversus
929 827 1084 880 nocturnas

10 941 11 986 y
79 903 308 984 lymphationes,
320 905 469 982 pungique
483 902 588 963 leviter
602 920 740 964 mucrone
753 919 811 982 quo
824 921 982 983 percussus
997 902 1083 964 homo

10 987 12 1084 l
80 992 116 1050 sit
132 997 237 1050 contra
253 987 374 1048 dolores
391 987 513 1047 laterum
527 996 738 1066 pectorumque
755 988 868 1048 subitos
887 990 935 1067 qni
951 989 1083 1067 punctio·

10 1085 11 1108 ¹
80 1092 146 1134 nem
156 1073 299 1133 adierant.
323 1072 462 1150 quaedam
478 1074 594 1132 ustione
608 1081 754 1151 sanantur,
769 1073 903 1152 privatim
916 1090 990 1135 vero
1005 1073 1083 1133 canis

53 1157 171 1224 rorabidi
188 1175 322 1234 morsus,
338 1157 447 1236 quippe
464 1158 551 1217 etiam
565 1157 754 1236 praevalente
770 1157 874 1219 morbo
891 1165 1084 1237 expaventes-

79 1262 135 1322 que
150 1251 255 1321 potum
271 1250 335 1301 usta
351 1241 437 1320 plaga
449 1241 519 1301 ilico
537 1241 706 1302 liberantur.
732 1242 810 1303 callit
825 1244 1002 1304 etiamierrc
1019 1260 1084 1302 can·

80 1328 168 1388 dente
185 1343 259 1405 aqua
275 1328 305 1384 in
323 1325 421 1386 multis
438 1328 536 1404 vitiis,
551 1328 684 1405 privatim
700 1345 773 1388 vero
789 1327 991 1407 dysentericis.

10 1475 11 1480 ,
141 1412 225 1493 (45.)
248 1409 303 1470 Est
326 1419 357 1470 et
380 1411 487 1489 robigo
509 1413 573 1490 ipsa
594 1413 623 1473 in
644 1412 797 1490 remediis,
820 1421 850 1473 et
873 1413 917 1472 sic
930 1411 1127 1491 proditnrnsa

81 1496 247 1576 Telephum
261 1513 382 1556 sanasse
395 1495 539 1574 Achilles,
551 1499 615 1556 sive
630 1496 659 1556 id
676 1515 764 1557 aerea
779 1499 842 1557 sive
854 1497 953 1558 ferrea
964 1495 1084 1575 cuspide

10 1585 11 1588 ’
51 1583 158 1648 eiecit.
192 1584 233 1640 ita
250 1589 333 1641 certe
347 1582 477 1659 pingitur
491 1599 530 1640 ex
545 1599 579 1641 ea
599 1581 750 1642 decutiens
765 1581 872 1659 gladio.
903 1582 956 1642 sed
977 1581 1084 1658 robigo

79 1667 150 1727 ierri
166 1666 316 1727 deraditur
337 1665 433 1725 umido
448 1665 529 1726 ferro
546 1665 637 1726 clavis
654 1666 816 1728 veteribus.
850 1665 985 1727 Potentia
1001 1668 1129 1731 5555153

80 1751 193 1829 ligare,
209 1752 337 1827 siccare,
353 1751 478 1828 sistere,
494 1751 627 1812 emendat
641 1750 789 1829 alopecias
805 1750 895 1811 inlita.
926 1759 1044 1811 utuntur
1056 1758 1086 1811 et

80 1836 114 1896 ad
136 1836 294 1896 scabritias
310 1853 450 1912 genarum
470 1836 647 1914 pusulasque
669 1838 758 1897 totius
779 1837 914 1916 corporis
938 1854 1001 1896 cum
1016 1853 1085 1896 cera

44 1969 45 1974 1
80 1929 109 1982 et
124 1929 243 1998 myrteo
260 1919 346 1997 oleo,
364 1919 399 1979 ad
414 1921 489 1998 ignis
505 1938 578 1982 vero
596 1938 695 1981 sacros
713 1940 751 1982 ex
769 1929 869 1998 aceto,
885 1922 955 1982 item
971 1921 1007 1981 ad
1023 1939 1085 1980 sca-

51 2005 170 2083 nhiem,
186 2003 365 2084 paronychia
380 2004 536 2082 digitorum
552 2014 582 2064 et
596 2007 731 2085 pterygia
746 2007 775 2067 in
790 2005 930 2066 linteolis.
961 2007 1038 2066 sistit
1055 2014 1085 2065 et

78 2093 252 2152 feminarum
271 2087 414 2169 profluvia
435 2091 562 2168 inposita
585 2090 762 2168 velleribus,
788 2090 883 2170 plagis
901 2107 1017 2168 quoque
1040 2109 1085 2150 re·

79 2175 215 2236 centibus
239 2177 307 2235 vino
331 2173 419 2234 diluta
441 2183 556 2235 etcum
571 2191 665 2235 murra
682 2175 799 2236 subacta
814 2175 1025 2253 condylomatis
1047 2192 1086 2235 ex

79 2269 177 2322 aceto.
207 2259 353 2338 podagras
370 2275 486 2337 quoque
501 2259 582 2319 inlita
599 2259 679 2319 lenit.

142 2344 231 2424 (46.)
260 2342 382 2421 Squama
397 2360 513 2423 quoque
532 2344 603 2404 ferri
622 2345 651 2404 in
670 2362 723 2404 usu
739 2353 785 2404 est
802 2362 840 2404 ex
860 2345 923 2404 acie
940 2352 987 2404 aut
1005 2351 1129 2407 555-154

50 2429 234 2506 aeronibus,
254 2445 385 2488 maxume
404 2428 490 2488 simili
505 2427 558 2488 sed
574 2429 689 2488 acriore
705 2429 733 2488 vi
750 2445 833 2506 quam
850 2429 969 2506 robigo,
990 2444 1085 2506 qnam·

80 2515 186 2576 obrem
205 2520 236 2574 et
253 2521 355 2574 contra
374 2511 531 2592 epiphoras
555 2513 705 2574 oculorum
720 2512 885 2573 adsumitur.
916 2513 1085 2590 sangninem

80 2600 178 2676 sistit,
207 2616 271 2658 cum
290 2597 411 2658 volnera
438 2597 518 2658 lerro
541 2615 671 2658 maxume
691 2599 767 2658 liant.
809 2599 886 2658 sistit
914 2607 944 2659 et
967 2597 1085 2658 lamina·

80 2702 142 2744 rum
159 2682 315 2762 profluvia.
350 2683 499 2762 inponitur
513 2691 543 2744 et
560 2691 662 2743 contra
676 2683 794 2744 lienium
809 2684 891 2762 vitia,
907 2692 937 2744 et
952 2683 1084 2742 haemor-

81 2768 201 2829 rhoidas
224 2768 378 2846 conpescit
398 2767 586 2846 ulcerumque
609 2770 767 2848 serpentia.
804 2776 834 2829 et
856 2769 942 2846 genis
963 2767 1085 2847 prodest

51 2878 73 2920 so
81 2853 193 2914 iariuae
205 2852 293 2913 modo
305 2852 444 2933 adspersa
456 2853 624 2932 paullisper.
646 2855 802 2933 praecipua
812 2862 907 2914 tamen
921 2870 1065 2912 commen·
1077 2861 1128 2916 155

82 2938 161 2998 datio
184 2939 247 2998 eius
263 2939 293 2998 in
305 2937 538 3018 hygremplastro
558 2939 593 2998 ad
608 2937 756 3018 purganda
773 2938 895 2999 volnera
916 2935 1085 3014 fistulasque

83 3032 113 3083 et
131 3041 247 3084 omnem
266 3022 368 3083 callum
380 3021 557 3085 erodendum
571 3032 601 3083 et
616 3025 690 3084 rasis
710 3023 825 3084 ossibus
841 3024 935 3083 carnis
951 3039 1086 3082 recrean·
1135 3087 1140 3096 ,

83 3107 142 3170 das,
169 3109 346 3187 conponitur
360 3107 417 3168 hoc
431 3106 533 3170 modo:
549 3109 631 3188 panis
644 3107 724 3169 oboli
742 3125 813 3186 ser,
829 3105 969 3168 Cimoliae
985 3115 1085 3170 cretae

84 3191 237 3254 drachmae
262 3211 333 3270 sex,
362 3195 439 3254 aeris
464 3195 540 3255 tunsi
563 3193 714 3254 drachmae
737 3193 829 3271 dnae,
856 3211 991 3274 squamae
1012 3192 1083 3254 ferri

53 3276 223 3356 etotidem,
244 3296 331 3339 cerae
356 3297 427 3357 sex,
447 3279 506 3340 olei
530 3281 684 3339 sextarius.
721 3279 766 3339 his
782 3277 921 3357 adicitur,
942 3296 1005 3339 curn
1020 3285 1086 3338 sunt

86 3363 270 3442 repurganda
285 3363 407 3424 volnera
423 3373 472 3424 aut
487 3365 644 3444 replenda,
660 3372 795 3424 ceratum.

152 3449 190 3508 16
221 3449 304 3529 (47.)
328 3447 465 3528 Sequitur
488 3458 589 3510 natura
610 3449 736 3528 plumbi,
757 3451 838 3510 cuius
863 3449 919 3509 duo
943 3466 1064 3526 genera,
1077 3454 1129 3508 156

86 3533 200 3610 nigrum
229 3543 316 3613 atque
347 3535 503 3596 candidum.
546 3536 790 3614 pretiosissimum
819 3533 875 3593 hoc
902 3530 1085 3612 [candidumb
