2468 3896
209 255 217 270 ·
255 239 337 286 unu.
359 239 448 290 nasu.
471 242 597 290 xxxxix.
620 239 646 292 4.
660 229 836 308 qil-23.)
1006 233 1044 294 17

58 389 190 453 trabuntur
206 393 245 454 ab
261 394 389 456 homine.
425 398 524 458 vitium
545 396 658 457 lavandi
680 406 710 458 et
734 399 758 457 si
783 397 875 459 lluens
899 398 989 458 amnis
1003 396 1045 458 lu·

58 485 101 534 tum
114 477 258 556 inportet,
278 479 306 539 id
318 498 411 557 genus
428 489 525 543 terrae
542 482 634 540 urium
648 490 762 542 vocant.
785 501 859 562 ergo
874 500 928 560 per
945 481 1043 542 silices

57 559 206 624 calculosve
220 562 332 624 ducunt
348 572 378 625 et
392 566 485 626 urium
499 567 617 627 evitant.
648 565 684 626 ad
698 567 794 645 capita
811 565 943 627 deiectus
955 568 985 624 in
999 585 1045 626 su·

58 645 169 722 perciliis
180 649 325 708 montium
336 651 465 727 piscinae
476 657 614 711 cavantur
624 649 753 710 ducenos
768 650 859 729 pedes
871 652 900 710 in
915 667 1044 728 quasque

45 731 128 806 spartis
149 733 227 792 etin
247 732 428 794 altitudinem
441 733 543 795 denos.
578 735 728 794 emissaria
741 736 771 794 in
787 736 823 794 iis
839 736 925 814 quina
941 733 1046 812 pedum

56 813 247 890 quadratorum
276 825 389 878 ternum
408 819 472 880 fere
497 818 717 896 relinquentur,
744 828 775 878 ut
800 818 917 898 repleto
940 826 1044 895 stagno

19 941 21 976 ,
57 901 169 958 excussis
188 903 405 979 opturamentis
424 911 555 980 erumpat
576 911 693 962 torrens
709 911 786 964 tanta
801 905 829 963 vi
846 911 876 964 ut
894 920 963 964 saxa
979 919 1045 980 pro·

19 977 21 1068 l
56 979 145 1042 volvat.
169 983 250 1045 alius
269 986 423 1046 etiamnum
437 989 466 1046 in
481 986 568 1065 plano
584 985 679 1048 labor.
700 988 801 1048 fossae
816 1006 870 1066 per
886 1005 957 1066 quas
974 1002 1041 1064 pro·
1051 994 1087 1050 76

19 1069 21 1150 q
56 1063 108 1124 luat
121 1077 267 1129 cavantur
283 1105 321 1114 —
339 1086 450 1147 agogas
466 1079 571 1131 vocant
584 1103 637 1147 —,
652 1069 708 1132 bae
720 1080 889 1133 sternuntur
904 1069 1044 1149 gradatim

36 1146 122 1211 culice.
151 1153 258 1212 frutex
274 1162 322 1213 est
336 1155 412 1214 roris
431 1157 531 1215 marini
552 1155 673 1233 similis,
698 1174 786 1234 asper
801 1174 959 1235 aurumque
977 1158 1045 1214 reti-

55 1251 118 1296 nens.
140 1237 238 1298 latera
253 1237 406 1298 eluduntur
422 1238 526 1299 tabulis
544 1257 578 1298 ao
593 1256 647 1317 per
662 1249 818 1318 praerupta
831 1239 1045 1318 suspenduntur

19 1333 20 1402 g
54 1319 162 1382 canales.
199 1323 243 1382 ita
259 1321 411 1400 profluens
428 1331 507 1384 terra
521 1325 550 1383 in
565 1342 644 1384 mare
659 1323 766 1384 labitur
780 1332 942 1403 ruptusque
961 1340 1044 1382 mons

55 1401 170 1482 diluitur,
187 1424 225 1466 ao
240 1406 332 1483 longe
348 1415 442 1467 terras
458 1409 486 1466 in
506 1425 585 1467 mare
604 1405 649 1467 bis
669 1408 706 1468 de
721 1410 816 1468 causis
831 1410 887 1466 iam
899 1408 1045 1485 promovit

19 1529 20 1532 ,
53 1483 182 1566 llispania.
197 1489 233 1550 ln
241 1492 343 1568 priore
355 1509 467 1568 genere
479 1509 553 1570 quae
566 1490 772 1552 exhauriuntur
782 1493 914 1552 inmenso
926 1489 1042 1565 labore,
1053 1499 1086 1553 77

35 1586 80 1629 unc
89 1583 233 1652 occupent
247 1582 367 1654 puteos,
379 1576 409 1636 in
418 1575 475 1636 hoc
486 1578 624 1653 rigantur.
646 1593 745 1635 aurum
757 1577 873 1653 arrugia
884 1575 1046 1653 quaesitum
1064 1573 1087 1606 ⁸⁷

54 1661 266 1737 noncoquitur‚
286 1659 341 1718 sed
358 1662 453 1719 statim
474 1679 555 1720 suum
574 1668 628 1719 est.
660 1661 845 1720 inveniuntur
865 1661 905 1719 ita
919 1676 1043 1734 massae,

53 1755 161 1802 necnon
173 1744 204 1803 in
217 1745 316 1821 puteis
330 1750 360 1803 et
371 1743 460 1804 denas
473 1743 652 1804 excedentes
665 1743 767 1818 libras,
784 1744 914 1821 palagas,
933 1742 981 1803 alii
997 1760 1045 1820 pa-

54 1821 182 1907 lacuruas,
198 1827 290 1887 iidem
305 1826 383 1905 quod
398 1830 535 1888 minutum
551 1837 597 1888 est
613 1827 744 1888 balucem
760 1837 876 1887 vocant.
905 1825 975 1888 ulex
990 1829 1044 1886 sio·

54 1916 128 1986 catur,
141 1913 250 1987 uritur,
266 1919 296 1970 et
310 1911 383 1971 cinis
399 1913 462 1974 eius
474 1913 586 1972 lavatur
599 1911 747 1973 substrato
759 1913 890 1991 caespite
902 1911 1044 1987 herboso,

35 1999 77 2048 aut
95 1993 165 2054 sidat
190 2013 301 2055 aurum.
338 1997 440 2056 vicena
461 1996 539 2056 milia
559 1995 656 2074 pondo
678 1996 714 2055 ad
734 1995 809 2055 hunc
829 1994 944 2055 modum
959 1997 1087 2059 annisis

54 2076 159 2154 cingulis
176 2078 329 2139 Asturiam
347 2087 433 2158 atque
452 2078 625 2141 Callaeciam
647 2088 678 2140 et
698 2078 871 2139 Lusitaniam
892 2087 1044 2158 praestare

54 2161 150 2236 quidam
166 2162 380 2243 prodiderunt,
400 2165 440 2224 ita
456 2172 487 2223 ut
500 2164 660 2243 plurumum
673 2163 792 2224 Asturia
806 2166 915 2242 gignat.
948 2181 1044 2242 neque

53 2244 75 2302 in
91 2246 143 2307 alia
168 2257 316 2308 terrarum
340 2256 425 2325 parte
444 2256 489 2307 tot
511 2247 639 2308 saeculis
659 2247 733 2308 hacc
752 2248 898 2308 fertilitas.
940 2247 1043 2307 ltaliae

53 2333 118 2404 parci
133 2341 243 2392 vetere
256 2331 411 2392 interdicto
427 2342 538 2410 patrum
555 2332 688 2409 diximus,
701 2331 809 2410 alioqui
821 2331 899 2392 nulla
913 2332 1012 2392 fecun·
1021 2353 1038 2393 a.
1051 2351 1086 2386 aas

33 2410 105 2474 cuer
128 2414 317 2477 metallorum
347 2434 463 2495 quoque
488 2425 552 2477 erat
577 2414 674 2478 tellus.
715 2424 811 2474 exstat
835 2416 885 2476 lex
910 2417 1045 2476 censoria

53 2494 265 2560 victumularum
280 2499 458 2562 aurifodinae
477 2503 506 2560 in
520 2499 707 2560 Vercellensi
722 2517 794 2577 agro
812 2517 867 2578 qua
886 2499 1044 2559 cavebatur

54 2597 81 2722 pe
98 2583 162 2662 plus
187 2585 315 2662 quinque
337 2585 453 2646 milibus
476 2585 621 2645 hominum
648 2584 677 2642 in
708 2601 800 2662 opere
826 2583 971 2663 publicani
995 2583 1044 2643 ha-

69 2677 155 2728 erent.

104 2751 186 2832 (22.)
209 2751 320 2813 Aurum
337 2752 460 2813 faciendi
484 2761 530 2814 est
554 2754 707 2813 etiamnum
727 2771 782 2814 una
804 2754 879 2812 ratio
904 2772 943 2812 ex
966 2755 1040 2812 auri·
1051 2763 1086 2817 79

33 2835 192 2912 upigmenco
201 2880 212 2914 ,
231 2837 308 2915 quod
324 2840 353 2898 in
368 2837 452 2914 Syria
466 2835 575 2897 foditur
586 2837 749 2916 pictoribus
766 2839 796 2896 in
812 2855 919 2898 summa
936 2837 1042 2897 tellure

55 2922 104 2980 auri
118 2921 223 2982 colore
242 2921 294 2983 sed
311 2921 416 2999 lragile
430 2919 555 2999 lapidum
570 2921 764 3000 specularium
778 2921 876 2981 modo.
903 2922 1043 2980 invitave-

56 3012 143 3084 ratque
158 3025 232 3086 spes
252 3005 349 3066 Gaium
364 3006 526 3084 principem
541 3005 736 3066 avidissimum
757 3008 834 3082 auri,
856 3006 1044 3084 quamobrem

56 3085 126 3150 iussit
148 3092 277 3169 excoqui
297 3108 430 3168 magnum
444 3090 557 3168 pondus
566 3133 576 3167 ,
601 3099 631 3150 et
646 3089 733 3168 plane
748 3091 817 3150 fecit
833 3107 930 3150 aurum
946 3089 1043 3152 excel-

57 3167 123 3253 lens,
137 3175 193 3238 sed
208 3177 249 3234 ita
264 3176 344 3253 parvi
364 3174 502 3253 ponderis
517 3183 548 3233 ut
564 3174 767 3236 detrimentum
781 3175 905 3234 sentiret
920 3184 1045 3254 propter

34 3261 191 3321 tavaritiam
203 3268 354 3338 expertus,
370 3276 538 3339 quamquam
553 3259 756 3338 auripigmenti
768 3258 860 3318 librae
872 3255 900 3318 X
912 3273 966 3320 1111
977 3278 1044 3338 per-

57 3351 240 3420 mutarentur,
259 3363 314 3404 nec
333 3351 437 3423 postea
453 3351 621 3422 temptatum
640 3343 675 3402 ab
692 3343 752 3403 ullo
769 3352 823 3403 est.

105 3427 184 3510 (23.)
206 3427 288 3488 Omni
309 3447 379 3489 auro
402 3430 481 3488 inest
503 3437 653 3506 argentum
673 3429 755 3488 vario
776 3426 924 3506 pondere,
952 3425 1086 3486 aliubi80

57 3507 159 3573 decuma
175 3521 260 3592 parte
280 3513 367 3573 aliubi
392 3521 503 3573 octava.
541 3515 571 3573 in
591 3529 648 3572 uno
675 3520 783 3572 tantum
800 3509 964 3570 Callaeciae
985 3525 1044 3565 me-

88 3612 159 3657 nuxnr
176 3615 247 3660 unu.
262 3615 339 3657 uisu.
355 3599 393 3656 V=
864 3593 883 3650 2
