2510 3898
313 232 394 280 nun.
417 227 712 284 mensuraret.
736 219 886 299 tat-31.)
1042 219 1098 282 161

95 388 188 466 magis
205 406 289 468 quam
306 387 477 449 accendens.
501 398 567 449 sunt
583 390 630 468 qui
649 389 816 468 praeferant
826 387 969 450 Arabicas
983 389 1101 469 Indicis,

7 523 9 542 ι
95 471 280 551 fumidaeque
304 472 486 550 chrysolitho
507 473 571 534 illae
589 473 691 535 similis
714 473 819 534 dicant.
853 473 993 535 Ismeniae
1013 485 1103 554 negat

7 553 8 590 i
95 556 184 636 poliri
200 556 369 618 sandastros
383 567 509 637 propter
523 559 719 636 teneritatem,
734 565 765 619 ct
779 557 817 618 ob
831 556 861 617 id
871 575 976 637 magno
988 562 1099 621 venire.

95 650 163 701 sunt
182 643 230 721 qui
243 641 294 704 has
306 641 476 704 sandrisitas
492 652 609 704 vocent.
634 642 820 704 interamnis
836 651 951 704 constat
966 653 1101 724 quantum

73 743 218 786 enumero
234 726 384 788 stellarum
395 727 514 788 accedat
526 736 634 788 tantum
648 735 679 788 et
694 728 791 806 pretio
805 727 958 789 accedere.
973 728 1081 790 Adfert
1092 741 1143 795 lot

7 849 8 856 ι
94 809 250 890 aliquando
273 829 405 872 errorem
427 811 584 874 similitudo
613 813 737 873 numinis
761 809 919 872 sandaresi.
955 811 1101 876 Nicander

94 894 288 958 sandaresiou
304 904 408 974 vocat,
433 895 481 957 alii
502 896 697 974 sandareson,
724 894 838 976 quidam
853 913 926 958 vero
948 896 1022 959 hanc
1037 917 1101 959 san·

92 979 233 1058 dastrun,
249 980 327 1042 illam
342 980 545 1058 sandaresum,
565 983 595 1041 in
610 980 690 1043 ludia
704 989 873 1042 nascentem
888 981 966 1042 illam
983 991 1100 1062 quotpuc

92 1072 126 1124 et
152 1064 211 1126 loci
240 1083 345 1127 nomen
371 1063 601 1143 custodientem,
626 1065 693 1126 mali
717 1066 820 1127 colore
840 1073 890 1126 aut
911 1065 970 1128 olei
986 1067 1100 1145 viridis,

61 1150 228 1213 roomnibus
243 1150 434 1229 inprobataur.

156 1234 240 1314 (29.)
259 1233 306 1296 Eu
322 1233 427 1296 eodem
438 1253 552 1314 genere
566 1234 729 1297 ardentium
744 1243 791 1296 eet
806 1234 918 1312 lychnis
934 1236 1080 1316 appellata
1090 1248 1142 1302 103

93 1338 110 1380 a
125 1319 308 1381 lucernarum
320 1335 457 1397 accensu,
472 1328 532 1380 tum
545 1321 722 1400 praecipuae
736 1321 859 1399 gratbe
876 1323 1005 1381 nascitur
1021 1321 1099 1382 circa

92 1403 262 1464 Orthosiam
278 1413 398 1484 totaque
411 1401 496 1465 Caria
511 1423 545 1466 ac
559 1406 663 1465 ricinis
679 1404 765 1483 locis,
781 1403 835 1464 sed
850 1404 1055 1484 probatissima
1071 1407 1100 1466 in

8 1520 15 1531 =·
92 1487 182 1550 ludis.
213 1489 326 1567 quidam
346 1490 547 1550 remissiorem
564 1488 769 1551 carbunculum
790 1507 859 1549 esee
879 1487 1031 1566 dixerunt,
1052 1509 1098 1550 se·

7 1599 9 1620 τ
62 1572 216 1635 secundam
234 1572 367 1635 bonitate
382 1591 457 1653 quae
473 1573 574 1634 similis
596 1582 679 1635 esset
693 1572 773 1634 lovis
792 1572 948 1653 appellatis
965 1571 1098 1635 duribus.

7 1666 16 1689 ⁵
93 1665 125 1718 et
148 1656 256 1719 alias
248 1660 367 1730 rnrenio
392 1659 591 1736 differentias,
616 1676 699 1720 uuam
717 1677 792 1739 quae
814 1675 970 1759 purpuram
994 1657 1098 1736 radiet,

7 1695 14 1790 Ι
92 1742 217 1803 alteram
232 1760 307 1822 quae
323 1760 459 1821 coccum,
474 1742 525 1804 has
542 1743 608 1806 sole
623 1743 798 1805 excalfactas
816 1751 865 1804 aut
881 1744 980 1804 attritu
994 1743 1100 1822 digito·

92 1844 156 1887 rum
171 1825 273 1906 paleas
290 1837 319 1888 et
332 1827 495 1889 chartarum
509 1827 556 1889 fila
572 1830 608 1890 ad
623 1845 657 1890 se
670 1847 785 1909 rapere.

154 1911 240 1990 (30)
271 1911 335 1974 lloc
355 1911 432 1974 idem
452 1921 483 1974 et
498 1909 699 1974 Carchedonia
721 1913 821 1974 facere
837 1911 958 1990 dicitur,
984 1931 1082 1993 quam·
1071 1923 1142 1979 -1ot

62 2013 180 2074 aquam
194 1994 284 2056 multo
299 1997 388 2058 vilior
402 1997 569 2076 praedietis.
591 1998 719 2058 nascitur
732 1997 769 2057 ad
783 1996 961 2058 Nasamonas
976 1999 1006 2058 in
1020 2015 1100 2057 mon·

11 2143 12 2151 ἶ
93 2080 191 2158 tibus,
211 2080 327 2143 incolae
348 2089 465 2160 putant,
490 2080 597 2142 divine.
628 2081 815 2141 inueniuntur
839 2078 875 2141 ad
894 2098 1101 2159 repercussum

94 2164 182 2226 lunae
197 2181 329 2227 maxume
346 2165 464 2245 plenae,
481 2164 685 2244 Carthaginem
701 2165 845 2245 quondam
860 2164 1099 2243 deportabantur.

93 2248 260 2310 Archelaus
283 2257 314 2310 et
334 2251 362 2312 in
380 2250 521 2331 Aegypto
539 2253 616 2312 circa
633 2248 751 2311 Thebas
769 2251 850 2310 nasci
869 2248 957 2309 tradit
972 2250 1098 2328 fragilis,
1180 2267 1183 2274 ’

94 2350 241 2411 renosas,
268 2336 405 2396 morienti
430 2335 550 2396 carboni
577 2334 687 2395 similis.
733 2334 849 2413 potoria
870 2351 909 2394 ex
925 2332 981 2393 hac
1005 2341 1035 2394 et
1062 2352 1101 2394 ex

7 2417 232 2512 elychnide
256 2419 422 2480 factitata
413 2421 548 2497 invenio,
577 2420 672 2480 omnia
693 2427 789 2478 autem
806 2417 881 2478 haec
901 2434 1013 2516 genera
1031 2435 1099 2478 ccc·

94 2503 248 2564 tumacitcr
279 2503 444 2583 scalpturae
470 2505 610 2564 resistunt
643 2510 813 2582 partemque
842 2503 870 2562 in
896 2503 982 2579 signo
1010 2518 1098 2563 cerae

95 2594 205 2650 tenent.

155 2671 241 2753 (31.)
266 2670 431 2733 lidivcrso
453 2671 581 2734 adhaec
603 2671 688 2734 sarda
711 2671 861 2733 utilissima
878 2688 953 2750 quae
973 2689 1080 2732 nomen
1090 2682 1140 2735 105
1158 2703 1159 2708 ι

95 2775 158 2818 cum
172 2755 357 2834 sardonyche
371 2758 601 2818 communicavit.
628 2758 692 2836 ipsa
706 2756 837 2835 volgaris
852 2765 882 2817 et
896 2757 1018 2834 primum
1033 2755 1099 2814 Sar-

7 2889 9 2942 ,
68 2841 181 2904 sudibus
202 2849 340 2921 reperta,
363 2841 416 2902 sed
441 2841 636 2903 laudatissima
659 2843 737 2904 circa
751 2841 917 2920 Babylona,
942 2857 1005 2900 cnm
1027 2839 1099 2917 lapi-

7 2971 8 3002 3
96 2927 211 2988 cidinae
227 2925 367 3006 quaedam
382 2924 578 3006 appellantur,
590 2925 747 2989 haerentes
763 2927 793 2988 in
809 2942 882 2987 saxo
898 2925 995 2985 cordis
1010 2923 1097 2984 modo

7 3013 9 3032 ³
95 3013 291 3092 reperiuntur.
324 3011 383 3072 boo
402 3011 550 3072 metallum
577 3011 653 3091 opud
673 3011 781 3072 Persas
804 3010 950 3072 defecisse
972 3007 1097 3086 tradunt,

7 3105 8 3108 ’
98 3096 149 3158 sed
175 3092 364 3158 inveniuntur
382 3095 571 3176 conpluribus
590 3095 656 3158 aliis
676 3095 750 3157 locis
767 3103 799 3156 ut
820 3096 849 3154 in
863 3093 939 3154 Paro
962 3099 992 3154 et
1007 3093 1098 3172 Asso,

96 3181 234 3244 inludia
260 3183 347 3241 trium
370 3199 528 3259 generum:
557 3181 666 3243 rubrae
697 3189 728 3241 et
752 3199 824 3260 quas
851 3179 967 3259 pionias
993 3187 1100 3240 vocant

67 3264 1141 3431 ¹⁶fittedlltrft‘ftl,tithei,tililltllitlilile

7 3445 8 3460 ³
97 3437 251 3497 veniuntur
266 3444 297 3497 ct
311 3437 387 3496 circa
404 3434 538 3496 Leucada
553 3433 636 3515 Epiri
652 3443 683 3496 et
697 3435 726 3494 in
737 3435 878 3513 Aegypto
895 3451 969 3513 qnae
984 3433 1098 3493 brattea

98 3537 186 3582 aurea
201 3520 393 3583 sublinuntur.
426 3522 502 3580 etin
520 3519 566 3580 bis
582 3528 679 3582 autem
691 3538 787 3582 mares
804 3519 959 3580 excitatius
973 3517 1098 3594 fulgent,

7 3595 13 3681 i
138 3622 216 3666 amur
230 3623 298 3669 nnn.
314 3623 391 3669 ursa.
406 3607 443 3666 V.
470 3647 473 3652 -
897 3603 932 3663 11
