2510 3898
302 200 384 249 nan.
403 200 494 250 ranan.
515 203 635 250 xxxvi.
652 200 694 255 ao.
714 201 756 256 aa.
773 192 924 272 (as—69.)
1058 198 1113 257 141

107 356 276 418 hereditate
293 357 356 418 eius
379 359 427 437 qui
450 358 618 438 praefuerat
634 359 775 439 Aegypto
794 360 942 422 obsianam
962 364 1115 443 imaginem

107 440 256 519 Menelai,
287 460 326 502 ex
352 460 408 520 qua
430 444 552 522 adparet
572 445 719 524 antiquior
739 447 879 506 materiae
905 448 1009 526 origo,
1040 468 1114 511 nunc

107 528 178 587 vitri
193 526 380 588 similitudine
397 527 582 608 interpolata.
611 527 797 592 Xenocrates
819 532 969 593 obsianum
989 532 1115 612 lapidem

107 610 234 672 inludia
252 613 327 672 etin
343 610 460 674 Samnio
477 611 579 674 ltaliae
602 614 683 675 etad
697 631 837 676 oceanum
858 617 888 676 in
906 615 1044 696 llispania
1059 627 1115 678 tra·

84 696 152 757 edit
166 698 254 758 nasci.
280 696 327 757 Ftt
342 705 373 757 et
388 699 530 759 tincturae
546 717 660 777 genere
676 699 838 777 obsianum,
849 701 886 762 ad
901 703 1013 763 escaria
1024 721 1093 764 vasa
1107 713 1158 770 198

11 805 13 818 .
107 790 138 842 et
163 789 254 842 totum
277 781 385 842 rubens
405 785 511 843 vitrum
536 792 623 862 atque
649 801 706 845 non
731 785 896 863 tralucens,
922 785 1114 849 haematinum

106 864 294 946 appellatum.
328 867 361 926 lit
374 875 405 928 et
421 867 516 929 album
528 877 558 929 et
573 871 699 929 murrina
715 878 763 930 aut
777 869 948 947 hyacinthos
964 873 1114 952 sappiros-

106 970 165 1030 qnc
180 953 320 1011 imitatum
339 960 369 1012 et
387 952 519 1014 omnibns
537 953 602 1014 aliis
624 953 794 1032 coloribus,
817 973 873 1017 nec
896 965 942 1016 est
963 957 1019 1018 alia
1039 975 1114 1017 nunc

106 1037 264 1115 sequacior
281 1037 401 1098 materia
418 1046 467 1098 aut
483 1039 570 1098 etiam
585 1039 715 1117 picturae
731 1037 985 1102 adcommodatior.
1016 1059 1113 1103 maxu-

71 1139 170 1184 mrnus
191 1129 287 1182 tamen
306 1121 401 1182 honos
428 1124 458 1182 iu
487 1121 609 1183 candido
631 1122 842 1185 tralucentibus
863 1143 947 1204 quam
972 1144 1113 1206 proxuma

104 1205 238 1284 crystalli
253 1206 448 1268 similitudine.
471 1227 540 1268 usus
555 1225 628 1268 vero
640 1208 676 1268 ad
688 1208 843 1288 potandum
854 1212 967 1289 argenti
977 1211 1093 1272 metalla
1107 1222 1157 1278 199

106 1299 139 1353 ct
161 1292 223 1352 anri
244 1291 365 1371 pepulit.
402 1301 449 1354 est
471 1301 568 1354 antem
592 1292 700 1354 caloris
720 1295 883 1373 inpatiens,
906 1297 935 1355 ni
957 1295 1113 1374 praecedat

104 1375 231 1454 frigidus
255 1376 353 1456 liquor
375 1396 438 1439 cum
461 1377 556 1439 addita
577 1396 651 1458 aqua
669 1379 782 1440 vitreae
804 1379 881 1458 pilae
904 1379 969 1440 sole
986 1380 1112 1440 adverso

17 1504 22 1513 .
104 1463 136 1522 in
153 1469 263 1522 tantum
278 1461 453 1524 candescant
466 1470 497 1522 nt
515 1465 608 1524 vestis
624 1472 756 1525 exurant.
786 1463 959 1541 Fragmenta
978 1472 1113 1543 teporata

72 1564 95 1604 u
104 1545 323 1625 adglutinantur
342 1554 465 1625 tantum,
487 1565 587 1610 rursus
606 1556 667 1607 tota
683 1547 763 1609 fundi
780 1565 838 1608 non
857 1556 966 1626 queunt
981 1557 1112 1628 praeter-

105 1649 191 1711 quam
213 1631 336 1710 abrupta
360 1633 477 1693 sibimet
503 1634 532 1693 in
561 1641 676 1711 guttas,
706 1633 796 1694 veluti
820 1650 884 1694 cum
913 1632 1015 1695 calculi
1042 1634 1112 1694 liunt

104 1734 181 1795 qnos
207 1716 321 1795 qnidam
344 1717 482 1778 abaculos
503 1717 670 1797 appellant,
699 1717 812 1797 aliquos
837 1726 867 1779 et
894 1718 1025 1798 pluribus
1052 1736 1112 1779 mo-

104 1802 150 1862 dis
173 1802 386 1864 versicolores.
424 1804 527 1864 vitrum
549 1802 660 1882 sulpuri
685 1811 857 1864 concoctum
879 1802 1068 1865 feruminatur
1082 1805 1111 1864 in

103 1886 238 1966 lapidem.
807 1927 810 1930 -

70 1986 95 2028 ao
170 1973 252 2051 (68.)
274 1970 313 2032 Et
330 1975 458 2052 peractis
478 1971 611 2033 omnibus
633 1989 707 2050 qnae
722 1979 856 2033 constant
872 1973 1010 2052 ingenio,
1027 1980 1155 2040 artemo

104 2065 236 2118 naturam
251 2058 395 2136 faciente,
418 2059 562 2118 succurrit
580 2058 679 2118 mirari
694 2056 764 2117 nihil
781 2075 875 2137 paene
892 2075 951 2118 non
966 2060 1026 2136 igni
1046 2077 1110 2138 per·

104 2141 161 2203 lici.
208 2141 258 2204 27.
280 2143 385 2221 accipit
403 2141 526 2202 harenas
543 2160 581 2202 ex
596 2142 701 2220 quibus
716 2141 805 2203 aliubi
821 2143 943 2221 vitrum,
959 2143 1048 2204 aliubi
1063 2163 1109 2205 ar·

103 2235 235 2306 gentum,
251 2227 339 2287 aliubi
352 2227 479 2306 minium,
491 2225 580 2288 aliubi
593 2225 701 2305 plumbi
713 2245 835 2305 genera,
851 2226 939 2287 aliubi
952 2229 1111 2307 pigmenta,

104 2311 194 2372 aliubi
204 2311 413 2372 medicamenta
429 2311 530 2372 fundit.
552 2312 613 2390 igni
629 2311 741 2390 lapides
759 2313 788 2370 in
805 2329 856 2371 aes
870 2311 1036 2390 solvuntur,
1051 2315 1111 2391 igni

70 2415 94 2456 aa
104 2397 215 2459 ferrum
231 2397 361 2474 gignitur
376 2415 409 2457 ac
427 2396 576 2474 domatur,
595 2397 654 2474 igni
673 2413 772 2456 aarum
787 2395 955 2475 perficitur,
971 2398 1032 2475 igni
1047 2416 1110 2458 cre·

11 2501 13 2560 q
102 2489 182 2542 mato
202 2481 298 2560 lapide
320 2490 470 2543 caementa
491 2483 521 2542 in
547 2483 635 2542 tectis
658 2479 792 2558 ligantur.
830 2479 886 2541 alia
909 2483 1027 2560 saepius
1043 2483 1087 2542 uri
1102 2493 1150 2548 201

103 2566 245 2647 prodest,
263 2565 422 2646 eademque
434 2567 554 2627 materia
567 2564 644 2627 aliud
656 2566 750 2643 gignit
765 2566 865 2645 primis
880 2565 1018 2643 ignibus,
1035 2567 1111 2628 aliud

11 2685 12 2694 .
103 2651 259 2729 secundis,
280 2650 356 2712 aliud
371 2653 484 2729 tertiis,
506 2650 621 2730 quando
636 2651 701 2730 ipse
720 2652 810 2712 carbo
827 2651 898 2710 viris
915 2650 1025 2713 habere
1041 2653 1111 2713 inci-

103 2738 146 2815 pit
166 2739 325 2798 restinctus
354 2743 440 2815 atque
469 2737 609 2798 interisse
633 2735 761 2797 creditus
782 2736 900 2797 maioris
926 2735 957 2796 lit
984 2739 1108 2798 virtutis.

11 2817 13 2864 l
69 2823 251 2900 aoinmensa,
269 2822 393 2901 inproba
409 2839 508 2883 rerum
524 2829 643 2882 naturae
659 2822 758 2900 portio
779 2830 808 2882 et
824 2823 924 2899 inqua
940 2820 1057 2881 dubium
1073 2823 1110 2883 sit

104 2907 186 2988 plura
201 2907 333 2968 absumat
348 2924 384 2968 an
401 2908 503 2987 pariat.

166 2991 251 3074 (69.)
270 2990 324 3053 Est
340 3001 370 3054 et
384 2993 457 3073 ipsis
474 2992 591 3071 ignibus
605 2991 716 3053 medica
731 2992 785 3051 vis.
813 2989 1002 3070 pestilentiae
1014 3007 1088 3068 quae
1101 3001 1152 3056 202

105 3078 314 3139 obscuratione
332 3078 404 3140 solis
421 3077 616 3155 contrahitur,
637 3079 723 3155 ignes
738 3078 763 3135 si
787 3076 871 3154 fiant,
894 3074 1110 3136 multiformiter

104 3163 236 3224 auxiliari
252 3172 363 3224 certum
381 3172 435 3225 est.
469 3161 666 3242 Empedocles
683 3168 713 3222 et
728 3159 924 3240 Hippocrates
948 3159 977 3221 id
992 3159 1109 3222 demon-

71 3257 238 3310 aastravere
253 3247 378 3309 dirersis
390 3249 475 3310 locis.
494 3245 739 3309 Adeon-volsa
755 3247 946 3308 interiora
961 3247 1108 3307 viscera

104 3341 163 3394 aut
179 3339 382 3412 contunsa,
394 3332 431 3394 Μ.
448 3333 596 3394 Varro—
611 3333 684 3411 ipsis
701 3333 777 3394 enim
788 3331 888 3392 verbis
902 3334 965 3394 eius
980 3339 1044 3391 utar
1054 3367 1107 3407 -,

11 3459 12 3494 r
104 3416 1151 3498 pyxissit,inquit,focus.indeenimcinisliniuspo·203

103 3503 364 3584 tnsmedetur,
390 3504 489 3565 licet
508 3502 646 3564 videre
669 3502 925 3580 gladiatores,
947 3518 1023 3588 cum
1045 3498 1106 3559 de·
