2524 3910
165 217 226 280 176
503 224 534 274 c.
550 225 647 273 emm
664 223 814 274 securum

124 455 126 462 ¹
162 383 289 450 cerebro
308 380 430 461 piscium
445 389 492 440 est
508 381 556 460 qui
576 378 756 456 synodontes
778 385 929 438 vocantur.
961 373 1117 454 syrtitides
1133 374 1163 434 in

163 465 401 544 litore,Syrtium,
418 466 473 526 iam
484 463 599 543 quidem
616 471 646 523 et
657 462 810 539 Lucaniae,
825 462 1012 523 inueniuntur
1025 478 1042 520 e
1053 457 1162 519 melleo

163 553 266 615 colore
282 567 371 610 croco
389 547 592 626 refulgentes,
616 548 693 608 intus
708 553 804 607 autem
820 544 921 606 stellas
939 545 1089 605 continent
1104 542 1164 603 lan·

162 636 274 716 guidus.
305 633 461 712 syringitis
477 631 602 712 stipulae
618 629 784 691 internodio
797 629 898 690 similis
911 635 1055 708 perpetua
1069 625 1165 688 listula

122 741 180 872 183o
181 727 308 883 mdddh
324 800 460 863 Trichrus
478 819 516 862 ex
526 800 628 861 Africa
642 799 734 876 venit,
750 799 844 876 nigra,
860 795 913 858 se'd
929 797 981 857 tris
997 811 1084 856 sucos
1100 728 1186 877 red,⁶

165 889 223 967 dit,
242 886 277 949 ab
300 885 397 948 radice
422 887 552 964 nigrum,
576 883 672 945 medio
694 883 881 960 sanguinem,
908 897 1017 942 summo
1039 877 1165 940 ochram

165 970 373 1050 Thelyrrhinos
389 971 501 1031 cinerei
521 968 631 1031 coloris
653 977 702 1028 aut
721 966 775 1027 ruli
791 965 919 1027 candidis
934 963 1079 1026 radicibus
1099 981 1168 1042 spe·

165 1066 267 1119 ctatur.
307 1053 516 1132 Thelyoardios
540 1052 642 1114 colore
664 1049 785 1113 candido
801 1048 908 1112 Persas
931 1047 1006 1128 apud
1028 1064 1102 1127 quos
1123 1047 1168 1125 gi·

165 1143 263 1220 guitur
276 1139 428 1217 magnifice
444 1137 587 1214 delectat,
602 1135 677 1196 mulo
688 1153 750 1196 eam
762 1134 918 1213 appellant.
945 1131 1066 1193 Thracia
1081 1132 1167 1192 trium
1176 1150 1204 1192 1o

165 1242 306 1304 generum
324 1231 389 1301 est,
412 1222 513 1283 viridis
528 1229 577 1282 aut
593 1219 709 1301 pallidi,
732 1219 761 1278 in
779 1219 867 1280 tertio
881 1218 973 1296 guttis
988 1216 1166 1294 sanguineis.

124 1309 332 1389 184Tephritis
348 1307 434 1368 lunae
455 1324 549 1367 novae
571 1305 702 1384 speciem
722 1301 811 1364 habet
834 1309 971 1363 curvatae
994 1301 1024 1360 in
1045 1316 1167 1377 cornua,

166 1393 296 1472 quamvis
312 1393 423 1452 cinerei
442 1390 561 1453 coloris.
598 1387 769 1449 'lecolithos
785 1386 872 1448 oleae
885 1384 1026 1447 nuculeus
1039 1382 1167 1460 videtur,

165 1494 262 1555 neque
278 1483 325 1536 est
340 1476 367 1536 ei
382 1493 514 1553 gemmae
528 1473 640 1550 honos,
660 1471 713 1532 sed
727 1471 898 1550 lingentium
915 1467 1044 1532 calculos
1059 1468 1168 1546 trangit

187 1560 250 1622 ellit
271 1577 317 1620 ue.
1178 1569 1205 1612 re

165 1578 184 1640 P
217 1578 298 1730 (63.)
310 1643 438 1704 Veneris
451 1644 548 1703 crines
559 1640 707 1719 nigerrimi
725 1639 828 1699 nitoris
841 1639 991 1700 continent
1001 1639 1030 1698 in
1041 1656 1076 1699 se
1093 1654 1161 1716 spe·

167 1729 241 1788 ciem
253 1726 306 1788 ruli
323 1728 425 1788 crinis·
449 1725 612 1787 Veientana
628 1722 727 1784 Italica
740 1740 852 1801 gemma
864 1730 922 1801 est,
938 1722 1012 1783 Veis
1030 1730 1161 1801 reperta,

140 1809 143 1814 ’
168 1813 279 1890 nigram
289 1812 437 1873 materiam
451 1809 650 1888 distinguente
667 1807 754 1868 limitt
772 1806 849 1868 albo.

118 1905 169 1961 185
194 1963 196 1968 ,
225 1894 306 1976 (70.)
349 1893 499 1956 zathenen
516 1893 547 1954 in
566 1891 661 1953 lledia
684 1895 763 1955 nasci
786 1891 971 1956 Democritus
993 1891 1081 1952 tradit
1102 1891 1163 1953 ele-

161 1979 214 2038 ctri
231 1977 335 2038 colore
355 1984 402 2054 et,
423 1977 448 2037 si
464 1978 527 2055 quis
543 1985 619 2037 terat
638 1977 668 2037 in
681 1979 749 2039 vino
769 1976 884 2057 palmeo
900 1983 931 2037 et
946 1992 1052 2054 croco,
1074 1991 1200 2038 ceraeao

160 2060 247 2122 modo
272 2060 440 2123 lentescere
468 2059 560 2121 odore
586 2077 707 2138 magnae
734 2062 895 2122 suauitatis.
939 2057 1103 2140 Zmilampis
1132 2061 1163 2120 in

160 2143 309 2224 Euphrate
326 2145 470 2223 nascitur,
491 2143 692 2207 Proconnesio
709 2145 844 2206 marmori
859 2143 979 2221 similis,
1000 2143 1097 2204 medio
1113 2161 1163 2205 co·

161 2227 226 2290 lore
243 2228 356 2307 glauco.
384 2226 578 2290 Zoranisoeos
593 2226 704 2288 inludo
719 2227 835 2291 llumine
849 2229 994 2306 nascitur,
1011 2226 1163 2306 Magorum

158 2329 272 2389 gemma
288 2331 356 2374 esse
371 2321 502 2374 narratur
517 2331 612 2392 neque
629 2311 706 2373 aliud
722 2313 842 2392 amplius
858 2311 895 2375 de
913 2329 956 2374 oa.

119 2406 170 2462 186
229 2399 276 2458 ll.
298 2397 380 2476 (ll.)
399 2395 454 2457 Est
479 2398 632 2458 etiamnum
657 2395 712 2456 alia
739 2395 887 2458 distinctio
914 2413 997 2475 quam
1028 2395 1199 2474 equidemee

160 2481 281 2542 fecerim
308 2480 431 2542 subinde
454 2482 565 2542 variata
588 2481 794 2560 expositione,
823 2478 967 2560 siquidem
988 2498 1004 2541 a
1024 2481 1162 2542 membris

160 2567 294 2644 corporis
310 2564 418 2626 habeut
432 2566 558 2642 nomina,
575 2564 714 2644 hepatitis
729 2583 745 2625 a
759 2566 903 2644 iocinere,
918 2565 1045 2625 steatitis
1064 2565 1163 2643 singu·

160 2647 255 2709 lorum
273 2648 434 2710 animalium
454 2648 539 2729 adipe
562 2667 724 2710 numerosa.
757 2648 859 2709 hdadu
880 2649 1009 2730 nephros
1024 2645 1065 2684 *¹⁸
1087 2650 1163 2709 eius·

159 2730 225 2793 dem
248 2732 348 2793 oculus
376 2741 407 2794 et
432 2733 539 2812 digitus
567 2733 631 2811 dei,
666 2742 696 2795 et
724 2735 771 2794 hic
793 2732 900 2795 colitur
927 2733 1057 2810 aSyris.
1092 2733 1163 2794 trio·

160 2815 324 2896 phthalmos
335 2835 399 2878 cum
416 2817 530 2895 onyche
545 2819 673 2880 nascitur
688 2819 740 2879 tris
757 2818 881 2880 hominis
897 2816 1000 2879 oculos
1015 2816 1099 2878 simul
1112 2807 1200 2880 tex-eo'

160 2902 296 2978 primens.

120 2993 169 3050 187
223 2985 303 3066 (72.)
321 2985 368 3046 hb
378 2985 548 3047 animalibus
564 2987 820 3064 cognominantur:
836 2987 977 3048 carcinias
993 2987 1089 3049 cancri
1104 3004 1164 3048 ma·

160 3070 215 3129 rini
228 3068 348 3147 colore,
370 3069 474 3131 echitis
490 3071 629 3148 viperae,
651 3072 788 3150 scorpitis
809 3071 973 3150 scorpionis
989 3078 1038 3131 aut
1058 3071 1162 3134 colore

160 3161 209 3214 cut
218 3154 331 3232 elligie,
339 3154 454 3214 scaritis
464 3154 550 3229 scari,
560 3153 678 3232 triglitis
686 3154 777 3232 mulli,
789 3154 1030 3234 aegophthalmos
1039 3156 1162 3235 caprino

160 3237 258 3314 oculo,
273 3240 402 3316 itemque
413 3236 469 3298 alia
481 3237 580 3315 suillo,
595 3245 626 3298 et
637 3255 653 3298 a
664 3240 744 3316 gruis
756 3239 835 3300 collo
847 3241 1000 3318 geranitis,
1011 3238 1162 3302 hieracitis
1172 3253 1198 3295 er

159 3320 195 3381 ab
211 3322 362 3398 accipitre,
377 3322 474 3382 aetitis
486 3321 599 3400 aquilae
610 3322 729 3383 candida
741 3341 757 3384 a
769 3323 866 3384 cauda.
893 3323 1070 3402 myrmecitis
1081 3325 1162 3386 inua-

160 3406 501 3482 tamrepeutisiormicae
511 3405 978 3485 elligiemhabet,soarabaeorum
987 3406 1161 3468 nantharius.

159 3486 392 3566 lycophthalmos
408 3497 543 3569 quattuor
563 3491 771 3570 est‘colorum,
784 3511 822 3552 ex
836 3492 925 3552 rutilo
940 3493 1115 3570 sanguinea,
1130 3493 1161 3552 iu
