2510 3898
266 230 344 287 unu.
367 227 457 277 urar.
480 227 602 275 xxxvr.
626 224 746 280 ra—to.
765 215 917 294 (tt-eo.)
1037 214 1092 277 131

85 385 194 466 plexus
210 391 257 444 est
274 393 398 461 terram,
413 384 564 446 oculorum
578 383 795 445 medicamentis
811 383 1009 462 utilissimum,
1025 386 1095 446 item

83 486 269 531 mammarum
285 487 319 528 ac
336 471 454 530 testium
471 471 560 531 vitiis.
579 524 582 531 .

146 554 230 633 (33.)
252 551 400 615 blelitiuus
415 554 491 635 lapIs
507 572 606 615 sucum
622 555 743 615 remittit
760 554 874 615 dulcem
888 553 1093 632 melleumque.
1160 605 1163 612 .

87 648 191 700 tunsus
209 646 241 699 et
255 657 342 699 cerae
353 640 458 701 mixtus
475 638 677 718 eruptionibus
695 640 818 719 pituitae
832 638 1013 717 maculisque
1028 655 1092 699 cor·

62 725 170 804 aperis
194 722 328 784 medetur
351 732 382 784 et
401 724 524 785 lancium
546 723 776 802 exulcerationi,
804 722 984 804 epinyctidas
1004 721 1092 798 tollit,

83 807 238 870 volvarum
254 807 374 870 delores
390 809 536 888 inpositus
551 808 674 869 vellere.

151 893 233 972 (34.)
255 891 382 971 (legates
403 893 477 974 lapis
503 910 609 954 nomeu
630 892 718 954 habet
738 893 796 955 loci
816 901 848 954 et
869 894 960 954 amnis
984 891 1072 970 Gagis
1088 901 1134 956 [41

83 977 202 1052 Lyciae.
238 978 319 1038 aiunt
345 987 375 1038 et
395 980 425 1039 in
445 977 584 1040 leucolla
606 978 717 1058 expelli
737 979 808 1039 mari
832 986 919 1058 atque
942 979 1017 1038 iutra
1038 975 1094 1037 llll

84 1062 179 1124 stadia
191 1062 304 1140 colligi.
327 1065 413 1142 niger
424 1071 487 1141 est,
504 1063 626 1142 planus,
642 1065 825 1143 pumicosus,
840 1063 933 1141 levis,
949 1079 1007 1123 nou
1023 1061 1093 1122 mul-

51 1157 146 1208 totum
166 1165 183 1208 a
203 1146 284 1226 liguo
309 1147 466 1225 differens,
487 1147 619 1227 fragilis,
642 1147 751 1226 odore,
779 1150 803 1209 si
826 1157 955 1225 teratur,
982 1149 1113 1226 gravis.

85 1231 188 1294 fictilia
217 1251 255 1293 ex
278 1249 315 1294 eo
337 1234 476 1312 inscripta
493 1250 552 1293 nou
573 1233 723 1310 delentur,
750 1251 813 1294 cum
834 1233 944 1310 uritur,
972 1231 1094 1292 odorem

85 1317 256 1396 sulpureum
271 1317 382 1396 reddit,
405 1319 583 1399 mirumque,
604 1318 772 1379 accenditur
786 1334 875 1396 aqua,
898 1317 967 1378 oleo
988 1318 1095 1377 restin-

84 1404 192 1482 guitur.
227 1402 310 1481 iugat
329 1404 478 1482 serpentis
493 1403 533 1463 ita
556 1410 731 1480 recreatque
746 1402 852 1463 volvae
868 1400 1136 1479 strangulatio-142

84 1504 149 1548 nes.
189 1487 345 1566 deprendit
370 1488 513 1548 sonticum
534 1487 667 1549 morbum
696 1495 726 1547 et
747 1487 947 1565 virginitatem
969 1485 1091 1546 suffitus.

52 1571 162 1632 isidem
181 1590 220 1634 ex
242 1573 311 1632 vino
334 1572 474 1633 decoctus
498 1572 634 1633 dentibus
655 1570 788 1632 medetur
810 1571 986 1648 strumisque
1004 1587 1092 1631 cerae

83 1658 257 1737 permixtus.
296 1655 354 1718 hoc
370 1655 503 1717 dicuntur
519 1658 560 1718 uti
577 1654 654 1734 llagi
670 1658 750 1717 inea
768 1672 852 1734 quam
871 1664 976 1716 vocant
992 1656 1093 1715 axiuo·

83 1741 238 1820 mantiam,
265 1750 296 1802 et
317 1741 417 1821 peruri
439 1750 567 1820 negant,
593 1743 618 1802 si
641 1749 794 1802 venturum
821 1741 860 1800 sit
880 1741 958 1820 quod
987 1739 1091 1821 aliquis

85 1833 179 1888 otet.

104 1845 123 1907 p
148 1911 231 1991 (35.)
247 1909 410 1990 spongitae
426 1910 539 1991 lapides
554 1911 740 1973 inveniuntur
753 1911 784 1971 iu
800 1912 942 1990 spongeis
959 1919 989 1971 et
1005 1919 1072 1973 sunt
1085 1921 1136 1977 143

53 1996 196 2056 amarini.
229 1994 343 2074 quidam
358 2013 411 2058 eos
431 1994 589 2058 tecolithos
609 2004 730 2073 vocant,
756 1996 891 2074 quoniam
907 1997 1017 2058 vesicis
1033 2013 1092 2056 me·

85 2080 207 2158 dentur,
223 2078 352 2141 calculos
368 2089 503 2162 rumpunt
519 2082 549 2141 iu
564 2081 632 2141 vino
648 2083 719 2160 poti.

148 2164 234 2245 (36.)
246 2162 390 2244 Phrygius
403 2166 477 2245 lapis
489 2167 587 2245 gentis
598 2164 687 2226 babet
698 2181 815 2243 nomen,
826 2172 872 2226 est
884 2173 978 2226 autem
985 2164 1091 2245 glaeba

85 2251 244 2329 pumicosa.
281 2250 375 2310 uritur
397 2258 464 2312 aute
485 2251 555 2311 rino
574 2250 729 2331 perfusus,
754 2247 839 2310 datur
859 2249 980 2312 follibus
997 2249 1093 2311 donee

85 2334 233 2410 rufescat,
263 2351 296 2394 ac
317 2347 418 2396 rursus
441 2333 517 2396 dulci
539 2336 608 2396 uiuo
630 2335 827 2412 exstinguitur
852 2335 943 2395 ternis
965 2335 1093 2414 vicibus,

55 2418 254 2497 utinguendts
270 2417 403 2479 vestibus
419 2427 528 2481 tantum
542 2419 630 2481 utilis.

149 2502 202 2566 20.
226 2501 309 2583 (37.)
331 2501 464 2565 schistos
487 2512 519 2565 et
540 2504 712 2566 haematites
731 2503 937 2582 cognationem
953 2503 1070 2569 babent.
1085 2515 1134 2569 144

6 2601 7 2672 p
85 2587 260 2651 haematites
283 2589 430 2649 invenitur
455 2591 484 2649 iu
506 2589 650 2666 metallis,
670 2597 752 2651 ustus
768 2588 836 2649 mini
853 2588 985 2650 colorem
1000 2591 1092 2652 imita-

6 2675 8 2720 t
85 2681 148 2750 tur,
164 2674 259 2733 uritur
275 2680 305 2733 ut
320 2671 481 2752 Phrygius,
507 2676 560 2736 sed
582 2691 640 2734 non
654 2675 847 2753 restinguitur
865 2674 944 2737 vinc.
981 2673 1090 2736 adulte·

86 2764 181 2819 ratum
211 2756 389 2818 haematiten
417 2757 587 2820 discernunt
615 2777 709 2820 venae
739 2759 880 2820 rubentes
910 2767 940 2820 et
967 2759 1090 2821 friabilis

55 2851 196 2904 nuatum.
228 2840 321 2902 oculis
335 2859 442 2904 cruore
456 2843 584 2906 subfusis
595 2843 667 2904 mire
678 2845 826 2906 convenit.
854 2843 932 2905 sistit
948 2843 1089 2924 profluvia

84 2927 238 2988 mulierum
257 2934 356 3006 potus.
395 2927 499 2989 bibunt
519 2937 550 2990 et
571 2929 619 3006 qui
637 2929 809 3008 sanguinem
822 2929 991 2990 reiecerunt
1006 2946 1069 2989 eum
1082 2940 1139 2995 145,-

85 3029 156 3072 suoo
174 3010 275 3073 Punici
297 3011 375 3073 mali.
414 3021 444 3073 et
464 3013 493 3073 in
515 3014 633 3076 vesicae
650 3014 729 3074 vitiis
749 3013 870 3091 efficax,
888 3011 997 3073 bibitur
1013 3021 1044 3074 et
1060 3016 1089 3074 in

85 3097 153 3158 vino
171 3104 274 3157 contra
288 3097 468 3176 serpentium
483 3098 569 3160 ictus.
601 3099 761 3159 infirmiora
777 3099 871 3158 omnia
886 3097 987 3160 eadem
1003 3101 1033 3160 in
1051 3117 1090 3164 eo

85 3198 173 3260 quem
196 3179 330 3243 schiston
351 3181 508 3261 appellant.
554 3183 585 3243 iu
605 3185 640 3244 iis
660 3181 842 3245 commodior
862 3201 952 3246 eroco
975 3189 1090 3269 similis,-

52 3265 243 3346 sepecultaris
256 3264 419 3345 explendis.
442 3267 593 3329 oculorum
606 3267 715 3330 lacunis
727 3269 757 3329 iu
768 3267 845 3330 laete
856 3268 1007 3354 muliebri,
1021 3292 1090 3354 pro-

84 3351 271 3432 cidentisque
296 3350 398 3412 oculos
426 3350 579 3432 praeclare
607 3353 734 3416 cohibet.
772 3353 847 3415 haec
872 3364 919 3418 est
943 3362 1088 3421 sententia

84 3453 187 3498 eorum
202 3436 251 3514 qui
266 3437 432 3515 nuperrime
450 3439 607 3517 scripsere.

146 3519 233 3602 (38.)
249 3519 373 3582 Sotacus
389 3524 623 3586 evetostissirnis
637 3523 804 3586 auctoribus
817 3525 944 3669 qningpe
955 3543 1066 3605 genera
1081 3536 1129 3590 146
