2510 3898
166 244 225 306 148
512 251 818 302 oemmsncuuor

164 429 218 474 noa
236 409 373 491 quidquid
394 409 436 470 illi
456 408 612 488 prodidere
631 408 797 469 mirandum.
834 407 1026 469 Phaethontis
1044 406 1163 470 fulmine

164 497 213 558 icti
231 513 352 557 sorores
377 493 455 555 luctu
470 500 592 554 mutatas
611 494 640 552 iu
661 493 784 554 arbores
807 492 934 572 populos
954 492 1079 553 lacrimis
1102 493 1163 554 ele-

163 588 254 642 ctrum
273 579 406 640 omuibus
426 579 507 639 annis
528 576 651 638 fundere
674 578 753 638 iuxta
771 575 924 638 Eridanum
944 594 1055 638 amnem
1078 595 1163 656 quem

120 682 142 726 ι.
156 683 190 719 ur
204 665 309 726 Pedum
324 665 501 740 vocavimus,
517 662 658 723 electrum
670 661 856 741 appellatum,
874 663 1007 741 quonlam
1022 660 1067 722 sol
1084 665 1164 724 roci-

164 755 238 809 tatus
260 751 298 809 sit
315 747 451 826 Elector,
475 746 598 827 plurumi
621 753 727 825 poetae
743 747 864 824 dixere,
888 747 1048 826 primique,
1072 754 1103 806 ut
1118 765 1184 810 ars

163 832 271 911 bitror,
290 831 471 909 Aeschylus,
492 831 687 906 Philoxenus,
707 828 880 910 Euripides,
902 830 1039 909 Satyrus,
1058 829 1163 892 Nican-

119 925 154 980 32
166 916 234 995 der,
250 916 327 997 quod
343 935 411 978 esse
426 916 528 977 falsum
542 914 644 977 ltaliae
659 917 828 976 testimonio
842 924 930 995 patet.
957 914 1161 993 diligentiores

163 1019 265 1062 eorum
284 1000 447 1062 Electridas
473 1000 582 1061 insulas
605 1001 634 1060 in
655 1001 725 1060 mari
746 998 911 1061 Hadriatico
935 1018 1003 1061 esse
1027 998 1162 1060 dixerunt

163 1085 198 1145 ad
215 1104 286 1164 quas
306 1085 493 1147 delaberetur
510 1083 597 1146 Pado.
632 1103 687 1165 qna
701 1084 898 1164 appellatione
916 1083 1011 1145 nullus
1031 1101 1163 1163 umquam

163 1169 203 1230 ibi
220 1172 312 1232 luisse
328 1179 439 1231 certum
455 1179 518 1247 est,
535 1187 590 1231 neo
605 1186 677 1231 vero
695 1169 768 1230 ullas
782 1169 822 1229 ita
837 1170 948 1248 positas
964 1169 1073 1230 esseio
1088 1185 1160 1246 quas
1172 1189 1196 1232 ro

163 1255 312 1334 quicquam
336 1273 421 1316 cursu
442 1254 510 1316 Padi
536 1253 642 1315 devehi
666 1255 770 1333 possit.
808 1271 871 1314 nam
894 1253 972 1332 quod
994 1251 1160 1329 Aeschylus

162 1340 191 1398 in
206 1339 321 1417 Iberia,
337 1339 393 1400 hoc
409 1348 454 1400 est
471 1340 501 1399 in
515 1337 668 1418 Hispania,
684 1337 840 1398 Eridanum
855 1357 924 1400 esse
939 1338 1012 1398 dixit
1027 1337 1162 1398 eundem·

163 1440 220 1502 que
237 1423 379 1504 appellari
393 1423 580 1501 Rhodanum,
601 1422 757 1502 Euripides
779 1442 879 1484 rursus
894 1432 924 1484 et
942 1421 1116 1503 Apollonius
1131 1424 1162 1483 in

161 1505 326 1570 Hadriatico
348 1509 437 1570 litore
455 1508 605 1570 oonlluere
618 1507 788 1568 llhodauum
809 1516 841 1568 et
855 1506 977 1584 Padum,
999 1507 1161 1568 faciliorem

119 1602 153 1656 33
165 1594 277 1654 veniam
287 1594 357 1655 lacit
371 1594 496 1671 ignorati
512 1594 603 1654 sucini
620 1594 649 1653 in
668 1601 745 1653 tanta
766 1594 928 1670 ignorantia
943 1591 1034 1653 orbis.
1062 1591 1160 1653 mode·
1171 1609 1195 1651 as

162 1681 286 1755 stiores,
305 1677 358 1738 sed
375 1695 469 1756 aeque
487 1677 606 1756 falsum,
628 1675 787 1756 prodidero
806 1678 835 1737 in
850 1677 988 1738 extremis
1004 1675 1160 1737 Hadriatici

161 1762 242 1906 {inus
258 1762 343 1822 inviis
359 1762 794 1907 rppibpzarbplreststarpfqppe
808 1763 888 1907 clpnis
904 1770 975 1906 wll
984 1761 1160 1906 hlnocllffun·

181 1855 418 1906 ereutcummrm.
489 1864 526 1908 eo
569 1848 813 1907 rasuseo'in·
843 1847 936 1907 iuria
968 1847 1006 1905 ‘xi
1092 1863 1158 1908 ares

162 1947 234 1991 vero
243 1929 452 1991 Phaethontem
464 1932 494 1992 iu
505 1865 664 2011 Aletbiopia
673 1929 838 1992 Hammonis
850 1865 973 2008 Hbiisse,
985 1889 1031 1992 ibl
1038 1939 1069 1992 et
1079 1928 1160 1992 delu-

162 2013 243 2074 brum
258 2015 321 2075 cius
334 2033 402 2076 esse
418 2024 506 2095 atque
519 2016 664 2076 oraculum
680 2016 877 2095 electrumque
892 2016 981 2094 gigni.
1008 2014 1193 2078 Philemouao

160 2097 264 2160 lossile
283 2117 351 2160 csse
368 2107 399 2160 et
413 2101 443 2160 iu
459 2099 575 2178 Scythia
591 2101 653 2161 erui
671 2099 783 2161 duobus
799 2099 889 2178 locis,
908 2099 1056 2161 candidum
1071 2108 1158 2180 atque

160 2184 239 2243 cerei
259 2183 368 2244 coloris
384 2185 462 2263 quod
479 2193 635 2246 vocaretur
653 2185 808 2262 electrum,
834 2187 863 2245 iu
884 2185 941 2246 alio
956 2183 1066 2245 fulvom
1082 2184 1159 2264 quod

117 2267 361 2346 blappellaretur
387 2269 610 2332 sualiternicum.
657 2268 858 2330 Demostratus
887 2269 1044 2347 lyncurium
1071 2277 1159 2330 vocat

160 2362 190 2414 et
219 2352 282 2414 lieri
309 2371 347 2414 ex
368 2355 449 2414 urina
474 2353 588 2431 lyncum
608 2354 782 2432 bestiarum,
809 2374 826 2415 e
849 2354 974 2415 maribus
997 2354 1107 2414 iulrom
1128 2362 1159 2414 et

160 2438 293 2515 igneum,
307 2438 451 2500 cleminis
465 2438 626 2517 lauguidius
639 2446 727 2518 atque
743 2438 900 2499 candidum.
927 2438 1000 2499 alios
1015 2438 1044 2499 id
1058 2438 1192 2501 dicerem

159 2522 321 2599 langurium
344 2531 374 2583 et
399 2542 466 2584 esse
493 2525 522 2582 in
545 2522 628 2584 ltalia
646 2523 757 2584 bestias
781 2523 930 2602 leognros.
970 2521 1159 2584 Zenothemis
1246 2593 1248 2602 y

159 2606 258 2684 langas
276 2615 362 2668 vocat
380 2608 496 2668 easdem
518 2616 548 2668 et
564 2609 640 2668 circa
654 2607 761 2668 Padum
775 2609 811 2668 iis
828 2609 914 2668 vitam
934 2608 1083 2686 adsignat,
1106 2607 1159 2667 Su·
1245 2603 1248 2688 p

159 2690 240 2751 dines
256 2691 390 2751 arborem
403 2710 476 2771 quae
491 2693 592 2770 gignat
601 2693 631 2753 iu
642 2690 760 2770 Liguria
774 2694 872 2754 vocari
888 2692 982 2770 lynca.
1012 2694 1042 2752 in
1057 2691 1159 2754 eadem

116 2786 150 2840 35
162 2775 308 2835 sententia
333 2784 363 2835 et
379 2775 565 2837 bletrodorus
585 2777 649 2838 luit.
689 2777 811 2837 Sotacus
828 2776 951 2838 credidit
966 2778 995 2838 iu
1012 2777 1158 2838 Britannia

160 2860 251 2938 petris
276 2858 399 2921 effluere
421 2879 491 2940 quas
517 2860 671 2922 electridas
692 2863 825 2940 vocavit,
844 2861 971 2939 Pytheas
995 2859 1192 2922 Gotonibusao

76 3018 78 3022 ¹
160 2942 329 3006 Germaniae
351 2953 441 3023 geute
463 2945 556 3006 adcoli
579 2947 754 3007 aestuarium
774 2945 962 3007 lllotcnomon
983 2948 1099 3007 nomine
1121 2947 1158 3008 ab

159 3046 270 3089 oceano
286 3031 381 3108 spatio
397 3030 554 3092 stadiorum
569 3049 623 3091 sex
634 3031 757 3106 milium,
774 3029 809 3091 ab
825 3031 881 3092 hoc
896 3030 953 3092 diei
970 3031 1156 3110 navigatione

159 3113 266 3173 abesse
293 3113 414 3174 insulam
434 3114 574 3192 Ahalam,
603 3115 655 3176 illo
679 3133 734 3194 per
756 3133 810 3175 ver
833 3114 967 3176 llactibus
994 3115 1099 3176 advehi
1126 3124 1158 3176 et

159 3215 227 3260 esse
253 3200 382 3258 concreti
411 3201 497 3260 maris
526 3207 760 3279 purgamentum,
790 3199 901 3260 incolas
930 3217 984 3278 pro
1013 3199 1095 3278 ligno
1121 3200 1157 3261 ad

115 3293 149 3348 36
161 3283 257 3360 ignem
269 3282 309 3340 uti
323 3299 359 3342 eo
372 3284 579 3362 proxunrisquc
589 3282 729 3344 l’eutonis
743 3283 881 3345 vendere.
905 3283 971 3345 huic
983 3282 1156 3346 et'l'imaeus
1165 3303 1191 3345 es

158 3365 299 3443 credidit,
320 3366 374 3427 sed
396 3367 517 3428 insulam
540 3366 673 3429 basiliam
698 3369 823 3430 vocavit.
865 3368 1016 3430 Philemon
1037 3371 1157 3448 negavit

158 3451 294 3512 dammam
310 3450 346 3510 ab
365 3450 477 3513 electro
495 3451 587 3513 reddi.
625 3452 722 3514 Nicias
742 3453 814 3514 solis
839 3453 983 3515 radiorum
999 3472 1097 3514 sucum
1115 3455 1156 3514 io·

157 3536 258 3614 tellegi
276 3534 376 3596 voluit.
413 3535 467 3597 bos
489 3538 566 3598 circa
587 3555 720 3599 occasum
737 3538 977 3599 vehementiores
997 3541 1027 3600 in
1048 3547 1157 3600 terram
