2510 3898
307 240 388 288 aar.
411 239 501 287 nrsr.
522 239 656 288 xxxvu.
676 239 702 290 s.
724 226 875 304 (lo-19.)
1031 223 1089 288 155

89 393 200 472 excipit
219 394 249 453 in
264 394 321 455 line
336 396 429 455 risum
444 394 553 456 candor
567 394 623 457 hic.
661 393 771 454 coloris
790 402 856 454 sunt
876 396 945 455 item
959 395 1029 454 vitia
1044 412 1090 455 ca·
1134 421 1141 432 ·

1 547 2 552 γ
89 476 302 556 pillamentum‚
321 479 381 557 sal,
402 478 575 558 plumbago,
592 496 665 558 quae
681 481 840 539 communia
858 480 923 540 fere
938 487 1011 539 sunt.
1040 478 1088 538 Ab
1097 489 1132 545 69

87 563 134 708 ll
147 560 1088 709 llil‘’tltbbtt‘lbltbl‘ltlltlb‘tltttti

1 680 2 737 1
62 689 425 792 εοοΙοῑοε.Ἰ)ειηοότίῑιιε
441 733 470 791 in
487 731 545 793 hoc
558 690 671 810 gehere
688 733 770 810 ponit
786 666 957 793 llermipaeos
973 741 1003 793 et
1018 731 1089 792 Per·

88 818 183 893 sices,
205 815 274 876 illos
295 818 514 877 intumescentis
529 818 692 895 pinguiter,
714 815 852 877 l’ersicos
867 834 941 878 vero
958 833 1014 877 non
1032 825 1089 876 tra·

80 899 200 961 lucidos
219 901 272 961 sed
294 897 407 961 incundi
427 902 539 961 tenoris
554 903 646 961 visum
668 899 784 980 inplere
805 918 890 980 quem
910 918 968 962 non
988 900 1087 961 admit-

1 995 2 1002 ’
88 993 167 1061 tant,
190 985 289 1045 lelium
306 983 565 1064 pantherarumque
582 985 675 1046 oculis
691 985 810 1062 similis,
834 1003 955 1065 namque
972 993 1002 1046 et
1019 984 1088 1045 illos

81 1069 201 1130 radiare
222 1087 277 1130 nec
300 1071 438 1149 perspici.
482 1070 600 1131 eosdem
622 1071 652 1130 in
677 1070 742 1130 sole
766 1069 916 1146 hebetari,
939 1068 1087 1130 inumbra

48 1154 203 1232 refulgere
231 1162 262 1215 et
287 1154 403 1231 longios
432 1171 515 1232 quam
537 1162 657 1216 ceteros
682 1156 787 1215 nitere.
827 1153 957 1215 Omnium
983 1153 1130 1220 homm‘io

86 1241 241 1300 etiamnum
263 1241 361 1299 vitium
384 1238 462 1316 qnod
483 1237 561 1300 lellia
580 1238 712 1299 colorem
733 1248 782 1299 aut
800 1240 876 1300 acris
892 1238 951 1300 olei
967 1239 1085 1315 habent,

85 1322 203 1385 dilucidi
219 1323 335 1402 quidem
348 1341 382 1383 ec
400 1322 511 1402 liquidi,
527 1323 579 1384 sed
594 1340 652 1384 non
663 1323 782 1384 virides.
814 1322 887 1383 haec
901 1324 971 1383 uitia
991 1324 1020 1382 in
1036 1323 1086 1382 ht-

85 1409 152 1468 tieis
174 1419 305 1468 maxume
327 1409 492 1468 sentiuntur
512 1409 541 1467 in
561 1409 735 1485 argentariis
760 1406 884 1468 metallis
909 1409 1035 1487 repertis
1057 1408 1086 1468 in

1 1488 2 1564 ἶ
85 1492 154 1553 loco
177 1493 224 1570 qui
240 1490 384 1553 Thoricos
406 1500 542 1569 vocatur,
564 1511 682 1570 semper
702 1493 794 1552 minna
814 1494 957 1570 pingues,
981 1490 1034 1552 sed
1048 1509 1087 1551 ex

1 1574 2 1650 f
48 1577 247 1656 rslonginquo
271 1577 482 1656 speciosiores.
517 1576 658 1656 frequens
684 1583 731 1636 est
756 1578 785 1636 in
802 1577 847 1637 his
864 1584 894 1637 et
915 1576 1083 1656 plumbago,

1 1671 2 1760 q
84 1661 142 1722 hoc
158 1668 205 1722 est
222 1669 254 1720 ut
274 1663 303 1721 in
320 1658 387 1722 solo
402 1660 529 1739 plumbei
545 1661 704 1723 videantur.
732 1659 802 1721 illud
818 1661 965 1741 peculiare
975 1703 985 1738 ‚
1008 1661 1086 1739 quod

85 1746 199 1825 quidam
215 1763 253 1805 ex
267 1745 312 1805 his
328 1755 496 1823 senescunt,
508 1746 653 1824 paullatim
665 1745 811 1807 viriditate
828 1745 959 1822 evanida,
974 1753 1005 1806 et
1020 1746 1085 1806 sole

85 1847 203 1910 quoqne
230 1828 390 1890 laeduntur.
434 1829 505 1891 Post
530 1829 584 1891 hos
612 1827 718 1891 hledici
745 1830 904 1909 plurumum
932 1831 1126 1896 varietatlstt

84 1915 209 1991 habent,
235 1913 377 1974 interdum
399 1914 506 1994 aliquid
523 1923 554 1974 ct
570 1933 587 1974 e
603 1916 731 1994 sappiro.
768 1915 795 1974 hi
817 1923 884 1976 sunt
901 1913 1035 1976 lluctuosi
1052 1933 1085 1975 ac

50 2015 183 2060 acrarum
197 2000 338 2076 imagines
354 1998 490 2077 conplexi
499 2041 509 2076 ,
526 2017 701 2078 papaverum
717 1999 800 2060 verbi
819 2000 912 2077 gratia
929 2008 977 2059 aut
992 2001 1085 2059 avium

0 2088 1 2123 l
84 2083 304 2161 catulorumque
316 2082 364 2144 vel
378 2085 535 2163 pinnarum.
552 2085 600 2161 qni
616 2092 711 2144 tamen
723 2084 832 2145 virides
848 2086 926 2145 nasci
940 2083 1084 2161 videntur,

83 2169 221 2246 qnoniam
241 2167 310 2227 oleo
330 2167 470 2228 meliores
492 2168 579 2243 hunt,
601 2185 698 2246 neque
714 2177 760 2229 est
776 2169 898 2229 aliorum
915 2166 1082 2246 magnitudo

83 2251 217 2331 amplior.
249 2248 437 2312 (lalcbedonii
455 2253 555 2312 nescio
571 2269 606 2313 an
624 2253 653 2312 in
670 2261 760 2313 totum
776 2252 987 2328 exolevemnt,
1003 2261 1127 2331 post-‘lt

83 2354 168 2415 quarn
190 2335 307 2396 metella
327 2339 405 2396 aeris
431 2337 470 2396 ibi
490 2336 679 2412 deiecerunt,
701 2344 731 2396 et
752 2355 869 2416 semper
889 2345 984 2396 tamen
1007 2335 1085 2396 vilis-

50 2422 147 2481 asini
169 2421 254 2482 luere
277 2422 464 2499 minomlque,
488 2419 575 2481 iidem
592 2421 714 2498 fragiles
741 2430 772 2481 et
797 2420 907 2481 coloris
928 2421 1031 2481 incerti
1054 2429 1085 2480 ct

2 2533 3 2540 κ
81 2505 238 2566 virentium
253 2506 282 2566 in
295 2504 393 2566 caudis
409 2523 552 2584 pavonum
573 2505 827 2584 columbarumque
849 2504 960 2566 ecollc
981 2504 1084 2583 plumis

82 2587 219 2650 similiter
244 2589 279 2651 ad
306 2588 522 2652 inclinationem
547 2592 639 2667 magis
663 2599 711 2651 ant
736 2593 828 2650 minus
850 2589 954 2666 lucidi,
979 2589 1083 2649 venosi

82 2674 170 2735 iidem
192 2675 406 2753 squamosique.
444 2683 507 2735 erat
528 2683 558 2735 et
579 2674 726 2753 peculiare
746 2677 776 2734 in
798 2676 834 2734 iis
851 2676 949 2734 vitium
965 2676 1081 2734 sarcion
1091 2684 1127 2740 73

3 2809 4 2812 ,
82 2758 274 2839 appellatum,
292 2758 350 2818 hoc
370 2767 417 2820 est
431 2758 570 2839 quaedam
587 2776 717 2836 gemmae
732 2777 812 2820 caro.
839 2776 922 2819 mons
941 2766 988 2819 est
1005 2760 1083 2818 iuxta

51 2852 73 2895 ³⁰
83 2841 299 2904 Calchedonem
321 2844 351 2902 in
367 2860 425 2922 quo
441 2843 615 2923 legebantur
630 2841 829 2921 Zmaragdites
843 2851 974 2904 vocatus.
1013 2842 1084 2903 Iuba

82 2936 186 2988 auctor
204 2936 251 2988 est
273 2927 454 3005 zmaragdum
472 2945 555 3007 quam
575 2927 693 2988 chloran
709 2937 815 2988 vocent
837 2930 866 2988 in
881 2925 991 2987 Arabia
1007 2926 1084 2987 aedi·

82 3013 214 3073 liciorum
243 3013 419 3072 ornamentis
446 3011 551 3072 includi
581 3020 611 3072 et
637 3011 760 3090 lapidem
785 3029 870 3090 quem
896 3011 1083 3072 alabastriten

83 3097 226 3175 Aegyptii
247 3104 370 3174 vocent,
392 3096 549 3174 conplures
571 3113 643 3156 vero
667 3103 697 3156 et
717 3098 746 3156 in
768 3097 916 3175 proxumis
937 3095 1082 3156 montibus

4 3239 5 3257 ,
83 3189 113 3242 et
130 3183 160 3241 in
177 3179 310 3258 Taygeto
328 3183 391 3241 erni
406 3180 528 3241 lledicis
544 3179 645 3240 similis
662 3188 693 3240 et
708 3180 782 3240 alios
799 3182 827 3240 in
842 3179 951 3241 Sicilia.

51 3275 74 3318 tt
141 3265 227 3345 (19.)
247 3265 389 3326 Inseritur
405 3265 563 3343 zmaragdis
580 3273 610 3324 et
624 3282 699 3342 quae
713 3274 834 3325 vocatur
851 3273 933 3326 tanos
951 3262 1079 3325 ePerais
1091 3274 1123 3328 ts

82 3352 205 3412 veniens
229 3368 341 3428 gemma
367 3351 480 3428 ingrate
501 3348 601 3409 viridis
626 3357 713 3427 atque
734 3351 810 3409 intus
832 3347 965 3426 sordida,
983 3348 1083 3408 itidem

82 3434 356 3512 chalcosmaragdos
367 3431 502 3514 ecypro,
515 3432 629 3493 turbida
640 3435 737 3495 aereis
749 3435 840 3493 renis.
863 3431 1082 3511 Theophrastus

84 3519 169 3580 tradit
190 3522 218 3579 in
239 3518 454 3598 Aegyptiorum
479 3519 692 3579 commentariis
716 3519 841 3597 reperiri
862 3519 927 3594 regi
950 3532 1083 3576 eoruma
