2510 3898
191 220 250 284 108
528 228 558 278 o.
580 227 675 276 nunu
699 225 847 275 sncunnr

150 400 181 458 1¹1
195 391 290 452 suisse
305 387 415 448 dicitnr.
445 383 582 446 Eiusdem
597 381 754 463 discipulus
772 381 826 441 luit
838 379 1028 458 Agoracritus
1042 377 1145 439 Parius
1164 388 1198 440 et

191 483 287 536 aetate
305 480 423 550 gratus,
448 471 547 548 itaque
570 470 661 530 esuis
678 466 818 546 operibus
840 463 981 544 pleraque
1000 464 1106 524 nomini
1126 465 1196 524 eius

193 559 319 623 donasse
344 556 446 616 lertur.
485 561 638 614 certavere
660 560 755 613 autem
779 551 857 610 inter
885 567 918 609 se
947 548 1030 609 ambo
1054 547 1197 628 discipuli

192 641 312 703 Venere
328 638 475 716 iacienda,
497 638 626 716 vicitque
643 636 816 697 Alcamenes
838 652 896 694 non
914 650 1006 712 opere
1021 631 1074 693 sed
1089 634 1196 693 civita·

192 728 228 788 tis
248 725 394 802 suffragiis
417 731 519 783 contra
534 723 720 800 peregrinum
735 737 787 780 suo
803 718 939 780 laventis.
970 735 1060 797 quare
1074 717 1220 795 Agora-a

192 811 281 872 oritus
299 828 333 871 ea
348 807 418 886 lege
435 809 546 885 signum
565 825 646 866 suum
661 804 828 865 vendidisse
849 801 986 880 traditur,
1011 820 1048 862 ne
1063 800 1195 862 Athenis

193 903 292 972 esset,
315 901 345 954 et
365 890 530 971 appellasse
550 889 696 951 Nemesin
739 887 767 948 id
795 887 921 966 positum
943 893 989 946 est
1008 884 1194 947 Rhamnunte

192 996 269 1058 pago
290 977 425 1048 Atticae,
456 974 534 1055 qnod
554 972 649 1036 Varro
678 972 809 1034 omnibns
840 971 932 1050 signis
954 968 1100 1049 praetulit.
1145 979 1196 1030 est

193 1071 223 1125 et
257 1062 286 1120 in
314 1059 415 1122 Matris
444 1082 565 1142 magnae
596 1061 720 1127 delubro
748 1057 850 1121 eadem
880 1055 999 1116 civitate
1020 1054 1193 1133 Agoracriti

151 1159 185 1214 18
198 1164 282 1226 opus.
329 1145 372 1226 [4]
394 1143 513 1204 Phidian
528 1143 716 1203 clarissimum
734 1159 802 1202 esse
819 1157 874 1218 per
890 1141 982 1199 omnis
997 1141 1094 1216 gentis
1117 1157 1233 1218 quae1o

192 1231 272 1292 lovis
287 1229 411 1308 Olympii
428 1229 529 1289 laruam
542 1226 718 1304 intellegunt
733 1242 818 1286 nemo
833 1223 955 1301 dubitat,
972 1223 1024 1284 sed
1038 1232 1068 1282 nt
1080 1222 1194 1284 laudari

193 1317 299 1375 merito'
323 1316 414 1374 sciant
433 1314 519 1373 etiarn
534 1313 581 1391 qui
597 1329 687 1391 opera
705 1311 766 1370 eius
790 1326 848 1369 non
864 1308 983 1386 videre,
1005 1308 1193 1386 proferemus

193 1390 361 1477 argumenta
389 1415 477 1477 parva
503 1406 532 1458 et
560 1397 659 1474 ingeni
689 1402 804 1454 tantum.
842 1411 945 1476 'neque
972 1391 1008 1453 ad
1033 1392 1090 1452 hoo
1109 1391 1192 1452 lovis

194 1483 319 1563 Olympii
336 1480 548 1562 pulchritudine
564 1489 693 1557 utemur,
716 1496 774 1539 non
789 1477 938 1538 Minervae
956 1477 1079 1537 Athenis
1094 1477 1192 1537 iactae

194 1566 392 1646 amplitudine,
405 1584 468 1627 cnm
484 1567 522 1626 sit
538 1584 573 1626 ea
584 1565 748 1626 cubitorum
761 1563 864 1640 viginti
879 1580 944 1641 sex,
954 1597 997 1606 -
1009 1561 1102 1623 ebore
1118 1560 1193 1622 haec
1204 1579 1231 1622 aa

194 1660 224 1713 et
239 1669 309 1712 auro
325 1658 456 1727 constat,
478 1648 593 1710 -sed
616 1650 645 1708 in
669 1656 752 1709 scuto
772 1649 835 1708 eius
853 1644 1193 1724 Amazonumproelium

194 1734 318 1795 caelavit
333 1736 544 1794 intumescente
558 1733 665 1792 ambitu
677 1749 809 1812 parmae,
824 1731 954 1793 eiusdem
968 1748 1095 1792 concava
1107 1737 1192 1809 parte

195 1818 313 1879 deorum
339 1827 369 1878 et
387 1815 537 1895 Gigantum
557 1816 776 1893 dimicationes,
802 1817 832 1876 in
855 1815 946 1877 soleis
970 1833 1043 1876 vero
1058 1813 1194 1894 Lapitha-

194 1921 256 1963 rum
274 1911 304 1963 et
321 1899 547 1978 Centaurorum,
569 1900 643 1962 adeo
659 1911 802 1962 momenta
820 1903 913 1962 omnia
930 1902 1046 1979 capacia
1061 1901 1132 1961 artis
1148 1898 1192 1962 illi

152 1986 289 2056 19luere.
328 1989 357 2047 in
377 1987 439 2046 basi
464 1993 558 2046 autern
579 1986 655 2064 quod
678 1984 818 2047 caelatum
838 1994 883 2046 est
899 1984 1044 2047 Pandoras
1065 1985 1229 2064 genesineo

194 2070 370 2150 appellavit,
392 2068 421 2130 di
438 2078 503 2130 sunt
518 2071 650 2132 nascenti
666 2069 830 2132 adstantes
840 2068 896 2130 XX
907 2088 1036 2131 numero.
1059 2068 1192 2129 Victoria

193 2157 351 2234 praecipue
376 2154 500 2215 mirabili
527 2156 614 2234 periti
644 2157 781 2217 mirantur
805 2163 835 2216 et
857 2163 1025 2234 serpentem
1049 2154 1102 2214 sub
1126 2155 1192 2232 ipsa

194 2240 314 2319 cuspide
336 2238 378 2274 ⁸⁴*
399 2257 514 2300 aeream
539 2239 699 2319 sphingem.
749 2237 828 2300 flacc
856 2241 913 2300 sint
938 2239 1035 2300 obiter
1056 2238 1131 2299 dicta
1154 2237 1190 2298 de

195 2325 306 2385 artilice
325 2342 475 2403 numquam
496 2327 566 2385 satis
583 2323 716 2402 laudato,
739 2323 822 2385 simul
843 2333 873 2384 ut
890 2332 1027 2384 noscatur
1042 2321 1119 2382 illam
1133 2339 1191 2382 ma·

150 2420 185 2474 20
196 2409 391 2485 gnificentiam
412 2408 564 2488 aequalem
578 2409 670 2470 inisse
695 2417 725 2470 et
751 2410 780 2470 in
811 2410 918 2488 parvis.
964 2407 1008 2487 [5]
1030 2405 1225 2468 Praxitelisaa

153 2510 178 2554 ta
193 2513 215 2547 ιο
227 2502 351 2554 aetatem
375 2495 452 2554 inter
468 2495 623 2554 statuarios
639 2493 778 2572 diximus,
800 2494 848 2572 qni
871 2493 1020 2553 marmoris
1036 2490 1131 2570 gloria
1145 2509 1193 2552 su·

193 2579 308 2659 paravit
324 2579 410 2638 etiam
429 2587 533 2643 semet.
569 2595 660 2657 opera
677 2580 739 2638 eius
760 2585 826 2638 sunt
842 2577 965 2638 Athenis
981 2577 1011 2636 in
1029 2573 1191 2654 Ceramico,

194 2661 246 2724 sed
261 2669 328 2722 ante
346 2663 439 2721 omnia
459 2669 504 2720 est
519 2679 577 2723 non
593 2662 685 2722 solnm
701 2661 856 2723 Praxitelis
874 2679 975 2721 verum
990 2662 1019 2720 in
1038 2669 1101 2721 toto
1117 2659 1191 2721 orbe

194 2755 336 2806 terrarum
356 2744 457 2806 Venus
479 2763 562 2824 quam
584 2755 614 2806 ut
634 2746 768 2807 viderent
791 2745 870 2806 multi
895 2747 1103 2823 navigaverunt
1126 2741 1191 2804 Gni-

193 2831 266 2891 dum.
292 2828 361 2889 duas
377 2829 491 2890 lecerat
507 2829 648 2909 simulque
661 2830 818 2908 vendebat,
835 2830 955 2891 alteram
967 2828 1064 2890 velata
1077 2831 1190 2909 specie,
1200 2845 1228 2888 ao

194 2932 276 2994 quam
299 2914 337 2973 ob
361 2912 388 2973 id
413 2913 613 2992 praetulerunt
635 2933 756 2994 quornm
782 2914 915 2976 condicio
946 2923 1009 2975 erat
1033 2912 1103 2992 Coi,
1128 2931 1191 2975 curn

155 3040 157 3050 ·
194 2998 298 3059 eodem
314 3000 410 3077 pretio
427 2998 599 3078 detulisset,
616 3018 751 3061 severum
766 2999 795 3060 id
807 3018 841 3061 ac
856 2999 988 3079 pudicum
1003 2999 1189 3060 arbitrantes.

149 3089 182 3144 al
195 3084 335 3142 reiectam
357 3079 449 3143 Cnidii
471 3093 603 3145 emerunt
627 3085 756 3146 inmensa
778 3083 941 3145 differentia
963 3084 1064 3144 lamae.
1099 3081 1190 3143 voluit

193 3168 279 3227 etiam
302 3163 444 3228 aGnidiis
467 3177 572 3247 postea
593 3171 716 3230 mercari
737 3187 791 3230 rex
806 3167 1000 3248 Nicomedes,
1026 3176 1117 3229 totum
1139 3184 1189 3228 aes

193 3249 318 3310 alienum
340 3250 417 3328 quod
442 3259 506 3312 erat
526 3254 631 3331 ingens
653 3255 777 3315 civitatis
801 3252 1008 3314 dissoluturum
1025 3273 1057 3314 se
1072 3253 1224 3332 promit-as

192 3341 266 3394 tens.
295 3337 389 3394 omnia
404 3337 520 3414 perpeti
536 3336 679 3416 maluere,
701 3357 756 3400 neo
772 3339 925 3416 inmerito,
945 3336 997 3398 illo
1015 3339 1090 3398 enim
1105 3337 1188 3415 signo

191 3417 355 3479 Praxiteles
375 3419 550 3482 nobilitavit
573 3419 700 3483 Gnidum.
742 3422 872 3484 aedicula
893 3423 956 3483 eins
978 3430 1039 3483 tota
1061 3421 1188 3501 aperitur

141 3523 144 3529 ·
191 3511 222 3562 ut
237 3505 368 3582 conspici
385 3505 480 3584 possit
499 3505 623 3585 undique
646 3507 761 3586 efligies
780 3507 833 3568 dea
849 3507 966 3568 favente
984 3509 1064 3586 ipsa,
1081 3515 1112 3566 ut
1127 3525 1189 3567 ore·
