2510 3898
296 218 376 265 unu.
397 218 488 266 ursa.
509 217 723 272 xxxv11.6.t.
744 207 894 291 (ut—25.)
1031 209 1089 270 159

1 417 2 428 .
88 372 150 433 lithi
180 372 311 432 colorem
342 382 372 434 ct
398 371 500 436 sardae
527 384 557 436 et
580 377 708 455 iaspidis.
747 375 934 438 Zenothemis
961 377 1089 440 Indicam

89 455 231 534 onycham
246 457 338 536 pluris
353 456 463 518 habere
476 463 648 538 varietates,
663 463 789 539 igneam,
804 464 925 540 nigram,
941 479 1088 539 corneam,
1204 499 1207 503 ·

87 540 272 618 cingentibus
290 543 419 603 candidis
435 545 519 604 venis
538 544 614 605 oculi
629 545 727 622 modo,
744 546 1005 608 intervenientibus
1021 563 1089 625 qua·

86 626 205 685 rundam
227 635 257 686 et
280 627 405 705 obliquis
420 629 512 688 venis.
544 628 666 690 Sotacus
688 639 718 690 et
733 629 888 691 Arabicam
909 631 996 691 tradit
1018 647 1088 706 ony-

65 709 168 774 schem
184 711 298 771 distare·
310 711 386 790 quod
410 711 506 773 ludica
528 713 673 791 igniculos
689 713 795 774 habeat
810 714 885 776 albis
902 713 1087 792 cingentibus

87 797 167 854 nonis
187 794 309 873 singulis
331 795 500 874 pluribusve
516 797 603 858 aliter
624 816 706 876 quam
727 800 757 858 in
778 799 960 876 sardonyche
977 797 1087 875 Indica,

85 879 145 939 illic
169 881 245 939 enim
264 889 438 941 momentum
454 899 541 959 esse,
560 881 607 943 hio
622 881 768 943 circulum.
799 882 940 945 Arabicas
958 880 1086 960 onychas
1095 893 1129 948 91

85 966 183 1041 nigras
201 966 324 1025 inveniri
338 964 466 1025 candidis
482 968 573 1027 zonis.
596 966 716 1044 Satyrus
732 985 869 1028 carnosas
885 965 1086 1043 esselndicas,

84 1057 168 1126 parte
186 1049 363 1126 carbunculi,
380 1058 463 1129 parte
478 1050 650 1128 chrysolithi
666 1059 697 1112 et
711 1051 876 1130 amethysti,
893 1060 1042 1130 totumque
1056 1051 1086 1111 id
1167 1086 1170 1090 -

52 1154 75 1196 ro
83 1151 178 1210 genus
198 1132 350 1194 abdicavit.
388 1152 486 1194 veram
502 1145 597 1196 autem
615 1135 756 1213 onychem
771 1136 917 1218 plurumas
930 1139 1085 1214 variasque

82 1236 146 1278 cum
161 1216 264 1278 lacteis
281 1216 392 1279 habere
409 1237 511 1298 venas,
531 1223 655 1281 omnium
669 1221 698 1280 in
715 1224 836 1282 transitu
854 1220 956 1282 colore
972 1223 1085 1281 inenar·
1140 1247 1145 1258 κ

81 1302 167 1363 rabili
190 1310 221 1363 et
243 1304 273 1362 in
294 1322 380 1362 unum
395 1304 536 1366 redeunte
554 1313 725 1365 concentum
740 1307 882 1369 suavitate
898 1314 989 1383 grata.
1022 1303 1085 1364 Nec

82 1387 167 1447 sarda
183 1385 219 1422 i*
233 1394 280 1448 est
294 1386 360 1448 huic
375 1406 518 1465 gemmae,
533 1389 647 1450 dividua
664 1407 702 1449 ex
717 1390 822 1450 codem
837 1399 868 1450 et
882 1391 945 1469 ipsa
958 1390 1084 1466 nomine,

82 1472 241 1550 obiterque
258 1473 382 1532 omnium
398 1472 558 1534 ardentium
576 1491 750 1551 gemmarum
767 1473 915 1534 indicanda
931 1482 1041 1533 natura.

53 1579 73 1620 rs
122 1559 153 1618 7.
183 1557 264 1636 (25.)
292 1556 486 1636 l’rincipatum
516 1556 624 1620 habent
650 1557 816 1618 carbunculi
848 1576 865 1618 a
894 1557 1080 1618 similitudine
1092 1569 1127 1624 92

80 1643 193 1720 ignium
212 1640 370 1720 appellati,
391 1659 453 1714 cum
476 1643 531 1720 ipsi
554 1659 611 1702 non
632 1644 759 1702 sentiant
772 1645 865 1720 ignis,
885 1641 1085 1721 aquibusdam
1143 1681 1150 1690 ·

81 1727 120 1788 ob
138 1724 195 1786 hoc
209 1734 348 1786 acaustoe
364 1725 512 1804 appellati.
538 1725 647 1787 llonum
663 1746 774 1805 genera
786 1727 873 1788 lndici
891 1737 920 1789 et
933 1726 1085 1787 Garaman-

80 1812 131 1871 tici
148 1827 223 1889 quos
239 1818 270 1872 ct
281 1808 498 1872 Carchedonios
520 1829 667 1872 vocavere
684 1822 807 1889 propter
825 1813 1002 1890 opulentiam
1015 1809 1083 1872 Gar·

1 1935 2 1948 .
80 1896 209 1974 thaginis
236 1912 365 1972 magnae.
406 1895 531 1956 adiciunt
554 1895 748 1975 Aethiopicos
779 1905 809 1956 et
830 1896 1026 1958 Alabandicus
1054 1899 1083 1958 in

1 2002 3 2054 r
51 1979 221 2045 uOrthosia
239 1977 343 2040 Cariae
364 1983 527 2059 nascentis,
554 1980 608 2041 sed
632 1983 681 2059 qui
703 1983 889 2060 perficiantur
912 1981 1081 2043 Alabandis.

1 2059 3 2128 7
80 2073 240 2144 praeterea
266 2065 295 2123 in
320 2065 396 2124 omni
420 2083 533 2142 genere
558 2065 677 2125 masculi
699 2066 881 2145 appellantur
900 2067 1031 2126 acriores
1053 2074 1084 2126 et

1 2215 2 2231 ,
79 2151 207 2211 ieminae
228 2147 390 2226 languidius
413 2149 603 2228 refulgentes.
640 2151 670 2210 in
686 2151 820 2211 masculis
839 2168 956 2230 quoque
978 2149 1080 2211 obser·
1091 2160 1126 2217 93

1 2235 3 2310 l
80 2242 149 2295 rant
172 2232 337 2311 liquidioris
367 2231 440 2293 alios
464 2234 608 2310 ilammae,
630 2235 769 2312 nigrioris
795 2235 869 2295 alios
892 2244 922 2295 ct
944 2234 1083 2313 quosdam

1 2327 2 2334 ’
80 2337 117 2380 ex
134 2318 196 2380 alto
215 2316 328 2378 lucidos
346 2334 379 2378 ac
394 2320 485 2395 magis
507 2321 618 2380 ceteris
638 2321 667 2378 in
683 2319 747 2379 sole
763 2319 928 2397 flagrantis,
947 2327 1081 2396 optumos

50 2421 153 2464 osvero
177 2401 453 2480 amethystinontas,
478 2402 535 2464 hoo
557 2412 604 2464 est
628 2420 749 2482 quorum
771 2413 919 2464 extremus
939 2403 1081 2480 igniculus

1 2517 2 2525 .
78 2493 106 2549 in
136 2487 294 2563 amethysti
320 2486 426 2546 violam
458 2496 561 2566 exeat,
587 2505 745 2567 proxumos
772 2487 848 2565 illis,
878 2505 951 2566 quos
976 2495 1082 2546 vocant

78 2575 212 2651 syrtitas,
226 2573 345 2651 pinnato
359 2571 476 2648 iulgore
487 2573 634 2633 radiantis.
650 2574 772 2633 inveniri
786 2581 880 2633 autern
892 2571 940 2630 ubi
951 2589 1081 2630 maxume

78 2661 116 2717 sit
128 2657 204 2718 solis
218 2674 422 2733 repercussus.
441 2655 560 2733 Satyrus
572 2657 687 2717 lndicos
702 2675 761 2718 non
776 2676 844 2718 esse
857 2657 954 2717 claros
966 2655 1035 2716 dicit
1047 2673 1080 2717 ao
1091 2665 1126 2722 94

77 2742 253 2820 plerumque
269 2740 403 2801 sordidos
425 2759 459 2802 ac
480 2759 598 2821 semper
618 2741 741 2819 fulgoris
757 2741 911 2817 retorridi,
929 2740 1082 2818 Aethiopi·

52 2845 130 2888 cocos
148 2827 267 2906 pinguis
281 2825 432 2905 lucemque
450 2843 509 2886 non
528 2827 674 2887 fundentis
689 2827 847 2886 convoluto
863 2827 932 2902 igne
948 2824 1081 2903 flagrare.

80 2911 265 2974 Callistratus
288 2911 432 2989 fulgorem
461 2910 628 2972 carbunculi
650 2911 760 2971 debere
786 2909 933 2971 candidum
957 2927 1025 2968 esse
1051 2918 1082 2968 ut

79 2999 195 3076 positus
225 3004 358 3056 extremo
387 2998 452 3056 visu
483 2996 632 3056 nubilante
659 3015 692 3056 se
722 2995 837 3055 attollat
870 2993 1081 3054 exardescente

78 3082 207 3159 fulgore.
246 3079 284 3139 ob
309 3079 338 3139 id
360 3078 493 3159 plerique
515 3081 590 3142 hunc
606 3080 808 3140 carbunculum
830 3077 978 3140 candidum
996 3095 1082 3139 voca·

80 3185 174 3243 vere,
211 3182 276 3226 eum
312 3165 359 3243 qui
391 3163 554 3242 languidius
584 3165 663 3226 lucet
696 3164 912 3242 lignyizontcm.
958 3160 1123 3230 (harche-95

50 3250 186 3310 asdonics
207 3248 298 3309 multo
316 3249 444 3310 minores
466 3269 554 3326 esse,
579 3248 695 3310 Indicos
718 3251 804 3309 etiam
820 3251 849 3308 in
867 3250 976 3308 sextari
999 3249 1081 3308 unius

80 3353 243 3396 mensuram
255 3335 369 3394 cavari...
377 3332 538 3394 Archelaus
548 3332 765 3395 Carchedonios
777 3335 915 3411 nigrioris
927 3333 1081 3412 adspectus

81 3437 167 3497 esse,
192 3419 245 3480 sed
271 3420 332 3497 igni
353 3416 402 3478 vel
424 3418 488 3479 sole
504 3427 535 3478 et
552 3419 740 3479 inclinatione
755 3421 850 3479 acrius
865 3435 947 3497 quam
963 3427 1080 3477 ceteros

82 3506 221 3584 excitari,
250 3503 370 3566 cosdem
395 3502 585 3564 obumbrante
604 3511 685 3564 tecto
708 3521 873 3583 purpureos
895 3503 1005 3578 videri,
1027 3500 1080 3560 sub
