2472 3896
368 724 742 842 'nnnururro

160 970 268 1036 ludices,
291 989 325 1028 ne
346 971 459 1046 longior
479 971 701 1036 interponeretur
720 988 809 1039 mora,
833 971 909 1028 nolui
932 973 1052 1030 inserere

94 1051 143 1110 buic
154 1055 286 1113 volumini.
332 1053 412 1124 Quod
427 1073 508 1130 quum
524 1071 573 1112 eos
587 1057 739 1112 contineret
756 1055 842 1112 libros
859 1074 929 1130 quos
945 1057 1051 1114 invento

94 1137 167 1193 codiee
178 1140 367 1214 bambergensi
382 1139 617 1213 pertractavissem
632 1139 695 1209 (vid.
710 1140 822 1213 praelat.
839 1140 892 1197 vol.
912 1139 974 1212 Ν),
990 1159 1052 1215 spe·

94 1236 191 1280 raveram
211 1223 269 1280 lore
291 1232 324 1280 ut
343 1240 400 1280 non
420 1224 534 1280 multum
551 1223 616 1280 mihi
631 1223 777 1280 facesseret
789 1224 905 1298 negotii,
927 1225 974 1280 sed
990 1242 1053 1299 spes

94 1321 125 1359 ne
143 1306 237 1363 lelellit.
284 1308 381 1372 Sensi,
406 1315 536 1381 quantum
554 1307 706 1370 interesset,
722 1315 812 1364 utrum
833 1308 956 1382 singulos
971 1325 1053 1382 quos·

94 1387 139 1444 dam
154 1393 331 1448 emendandos
358 1391 474 1464 eligeres
493 1391 588 1452 locos.
616 1408 650 1448 au
669 1399 744 1448 totus
761 1392 893 1448 orationis
911 1400 1053 1449 contextus

95 1481 150 1528 esset
161 1475 190 1531 ad
200 1493 324 1532 normam
341 1476 498 1549 exigendus.
542 1475 634 1550 Neque
651 1483 709 1532 erat
724 1476 797 1550 quod
815 1475 918 1532 laboris
935 1477 1053 1532 taedium

93 1552 179 1621 levaret,
198 1560 329 1633 quoniam
348 1576 392 1615 res
407 1558 572 1617 illustriores
591 1567 738 1633 occupatae
752 1567 829 1615 eraut
844 1566 891 1615 aut
906 1577 920 1616 a
934 1577 976 1615 me
992 1561 1052 1634 ipso

95 1649 128 1694 aut
139 1641 167 1697 ab
180 1644 245 1706 aliis,
262 1643 406 1700 restabant
418 1651 465 1700 aut
477 1643 617 1702 abstrusae
630 1651 712 1717 atque
723 1641 905 1717 perdifficiles,
922 1651 969 1700 aut
981 1643 1053 1700 leves

94 1731 155 1796 atque
167 1728 300 1792 minutae,
327 1744 415 1802 neque
430 1735 518 1785 tamen
536 1729 626 1786 minus
642 1744 690 1784 eae
706 1725 881 1801 requirebant
898 1726 1053 1800 diligentiae

94 1815 155 1880 alque
176 1828 290 1884 operae,
315 1812 396 1868 immo
410 1810 496 1868 multo
511 1812 652 1886 copiosior
664 1811 814 1868 adnotanda
830 1819 889 1866 erat
903 1812 1053 1885 scripturae

93 1889 248 1966 discrepantia
264 1912 347 1968 quam
362 1895 390 1950 in
406 1903 503 1952 ceteris
518 1893 654 1952 Naturalis
671 1894 808 1952 Historiae
820 1893 907 1950 libris.
952 1893 990 1950 Eo
1006 1912 1053 1952 au·

93 1981 133 2030 tem
149 1977 271 2042 stimulo,
294 1996 374 2053 quem
396 1978 460 2036 laeti
477 1980 629 2036 studiorum
643 1979 751 2036 lructus
767 1979 864 2034 addere
879 1978 982 2041 solent,
1008 1979 1053 2036 de·

92 2058 183 2118 stitutus
197 2063 363 2121 conficiebar
378 2063 544 2136 gravissimis
562 2062 731 2120 maeroribus
746 2070 774 2118 et
788 2061 923 2126 luctibus,
949 2063 977 2118 in
994 2080 1054 2137 qur-

93 2139 130 2200 bus
142 2155 199 2203 sunt
218 2148 265 2222 qui
283 2163 339 2204 non
356 2163 399 2204 me
414 2147 503 2204 solum
518 2148 658 2210 moverint,
675 2164 736 2203 nam
750 2147 812 2221 quis
825 2163 880 2202 non
895 2147 971 2221 luget
980 2162 1053 2202 mor·

93 2235 122 2282 les
146 2230 355 2288 clarissimorum
386 2231 505 2288 virorum
536 2231 563 2287 C.
593 2229 622 2286 F.
654 2230 925 2306 Naegelsbacbii
963 2238 991 2286 et
1022 2229 1051 2286 F.

91 2309 296 2371 lbierscbiii
325 2314 505 2390 quibuscum,
526 2315 612 2372 amico
637 2313 742 2378 altero,
769 2312 855 2371 altero
876 2322 1053 2388 praeceptore

90 2411 153 2459 usus,
170 2415 219 2472 ego
240 2398 387 2456 artissimis
412 2398 572 2458 coniunctus
596 2415 669 2456 eram
695 2399 901 2456 necessitudinis
927 2397 1051 2455 vinculis.

90 2475 144 2544 Quid
171 2483 285 2546 mirum,
318 2484 341 2538 si
370 2483 403 2539 ad
430 2481 563 2557 reliquum
585 2482 777 2557 perficiendum
802 2483 891 2538 miuus
916 2481 1004 2538 alacer
1026 2488 1054 2537 et

90 2573 211 2640 promptus
229 2567 285 2624 luit
303 2566 408 2624 animm
422 2584 502 2640 quam
516 2568 549 2624 ad
563 2567 742 2624 inchoandum
761 2566 848 2640 opus?

154 2649 281 2708 Mammas
296 2667 360 2707 vero
372 2649 545 2708 difficultates
560 2651 626 2708 mibi
645 2649 737 2708 attulit
752 2651 864 2708 ultimus
880 2648 957 2713 liber,
974 2665 1052 2723 quem

89 2735 300 2791 eretustioribus
325 2734 465 2791 codicibus
488 2734 563 2792 solus
584 2735 707 2793 continet
722 2735 806 2792 codex
822 2733 1053 2805 bambergen-

89 2815 141 2879 sis,
165 2817 215 2874 bac
234 2818 344 2892 quidem
364 2827 489 2893 exparte
511 2827 538 2876 et
563 2818 819 2893 interpolationibus
842 2825 870 2874 et
890 2817 994 2874 lacunis
1015 2818 1052 2873 ita

89 2895 208 2965 foedatus,
226 2910 258 2958 ut
274 2901 355 2958 liceat
372 2901 433 2976 ipso
448 2919 508 2961 eum
528 2905 600 2960 dicas
617 2902 782 2959 inferiorem.
815 2900 867 2958 Sed
884 2910 973 2958 tamen
987 2908 1053 2957 tam·

90 2997 153 3053 quem
173 2986 316 3043 obrussam
335 3003 396 3042 eum
417 2985 595 3045 adhibendum
610 3003 669 3043 esse
686 2985 827 3061 putabam,
843 2994 874 3044 ut
890 2984 930 3042 vel
945 3002 977 3041 ex
992 2985 1050 3040 eius

32 3139 33 3142 Ἴ
90 3063 329 3142 interpolationibus
349 3068 495 3127 nonnullae
513 3072 578 3127 mibi
598 3071 753 3127 viderentur
768 3069 904 3126 addendae
926 3086 986 3125 esse
1001 3085 1052 3126 uu·

32 3205 33 3222 p
90 3147 119 3204 cis
138 3151 263 3212 inclusae.
307 3152 393 3211 llulto
415 3155 485 3210 enim
509 3156 660 3212 deteriores
676 3162 741 3211 suut
761 3172 829 3228 qnae
850 3161 991 3227 praeterea
1007 3152 1051 3209 ad·

90 3229 132 3290 huo
149 3239 272 3312 cognitae
294 3245 359 3295 snut
373 3245 430 3294 tres
444 3240 566 3296 codicum
581 3237 712 3302 familiae,
736 3239 782 3313 qui
799 3237 906 3312 quidem
923 3253 1052 3294 numerus

32 3343 33 3378 2
91 3315 202 3386 afficitur,
222 3324 245 3379 si
266 3321 428 3396 respicimus
445 3323 479 3379 ad
494 3324 585 3398 operis
602 3322 696 3386 finem,
719 3321 765 3396 qui
780 3321 888 3394 integer
906 3319 1009 3393 legitur
1023 3320 1051 3374 iu

91 3415 134 3458 uuo
151 3406 239 3464 codice
259 3406 464 3480 Bambergensi.
491 3424 579 3482 equo
603 3424 670 3481 quae
693 3408 720 3462 in
737 3405 837 3463 ceteris
855 3403 1052 3477 exemplaribus

33 3495 34 3502 ¹
93 3482 219 3547 desiderari
237 3491 483 3548 demonstraveram
505 3491 533 3546 in
552 3489 785 3547 observationibus
800 3487 901 3544 criticis
919 3484 1051 3558 (llonach.

811 3606 826 3642 a
833 3585 849 3620 2
