2468 3896
121 227 162 291 58
469 237 499 286 o.
521 235 618 284 amur
640 233 792 284 sncuum

122 407 238 460 uentum
254 403 308 458 est.
339 402 460 456 uruntur
477 393 571 454 omnia
595 411 630 454 ea
645 393 734 454 crudo
751 389 832 452 fictili
845 391 875 450 in
890 390 1058 452 fornacibus
1077 389 1135 454 dc·

122 501 177 545 nec
192 482 310 561 ligulina
330 486 554 560 percoquuntur,

79 579 131 636 134
206 566 286 649 (36.)
307 565 339 628 In
354 565 476 626 aerariis
490 563 614 624 officinis
627 571 658 624 et
672 578 800 640 smegma
816 561 914 622 titiam
931 561 1041 640 liquato
1058 581 1132 625 aere

122 672 156 715 ac
178 659 320 732 percocto
344 650 448 712 additis
473 649 625 710 etiamnum
651 646 828 708 carbonibus
853 646 1060 727 paullatimqne
1083 667 1131 710 ac·

122 739 236 816 censis,
257 755 292 798 ac
313 741 437 814 repente
452 732 674 795 vehementiore
692 731 760 792 flatu
779 733 932 812 exspuitur
950 735 1027 793 aeris
1043 733 1160 812 paleae

122 822 269 902 quaedam.
311 820 406 881 solum
422 836 479 898 quo
497 820 660 898 excipiatur
675 825 796 878 stratum
812 835 881 878 esse
902 816 991 878 debet
1008 817 1131 879 marilla.

80 919 130 976 135
205 907 287 986 (37.)
306 904 353 965 Ab
373 923 408 965 ea
424 905 599 966 discernitur
614 921 699 983 quam
716 903 746 962 in
761 901 854 963 isdem
869 902 993 963 officinis
1013 901 1133 981 diphry-

121 1011 190 1073 gem
213 999 319 1052 uocant
333 988 436 1050 Graeci
460 989 496 1050 ab
519 1006 556 1050 eo
579 988 664 1068 quod,
681 987 727 1048 bis
749 994 913 1064 torreatur,
938 989 1019 1047 cuins
1042 989 1132 1066 origo

123 1077 241 1156 triplex.
272 1077 336 1136 fieri
357 1076 432 1136 enim
449 1074 571 1135 traditur
593 1092 632 1134 ex
658 1071 756 1152 lapide
778 1072 875 1151 pyrite
892 1081 1021 1132 cremato
1039 1073 1067 1132 in
1083 1089 1132 1133 ca·

122 1163 206 1222 minis
224 1160 319 1222 donec
333 1167 513 1239 excoquatur
527 1160 556 1218 in
572 1158 724 1219 rubricam.
755 1157 787 1217 tit
805 1158 880 1217 etin
897 1153 996 1237 Cypro
1013 1176 1051 1218 ex
1066 1157 1130 1218 luto
1145 1177 1176 1220 ro

126 1246 274 1308 cuiusdam
295 1264 403 1325 specus
426 1244 557 1305 arefacto
575 1246 673 1322 prius,
694 1260 763 1303 mox
777 1241 925 1322 paullatim
946 1243 1131 1304 circumdatis

124 1333 286 1394 sarmentis.
323 1331 413 1391 tertio
436 1329 469 1389 iit
490 1328 577 1389 modo
597 1330 626 1389 in
643 1327 811 1389 fornacibus
833 1329 910 1388 aeris
932 1327 1017 1389 faece
1036 1327 1133 1389 subsi-

123 1417 220 1478 dente.
251 1415 417 1478 dillerentia
429 1423 475 1475 est
492 1413 569 1493 quod
584 1432 635 1474 aes
652 1415 747 1493 ipsum
762 1413 791 1472 in
806 1413 919 1473 catinos
934 1411 1047 1490 defluit,
1066 1429 1133 1473 sco·

82 1512 134 1569 136
145 1505 189 1562 ria
204 1510 288 1562 extra
299 1501 439 1577 fornacis,
455 1498 510 1560 dos
526 1506 710 1579 supernatat,
724 1496 884 1576 diphryges
902 1507 1041 1560 remanet.
1070 1499 1133 1577 qui·

127 1587 190 1648 dam
216 1586 331 1647 tradunt
353 1587 382 1645 in
397 1584 566 1646 fornacibus
584 1582 693 1662 globos
709 1582 815 1662 lapidis
831 1584 1176 1662 quicoquaturferu·1a

126 1672 245 1748 minari,
268 1673 346 1731 circa
370 1668 445 1729 hunc
470 1688 519 1728 aes
541 1669 678 1746 fervere,
700 1669 795 1747 ipsum
812 1685 885 1730 vero
909 1686 967 1729 non
988 1669 1133 1748 percoqui

126 1757 181 1816 nisi
199 1754 332 1816 tralatum
354 1755 384 1813 in
406 1753 478 1813 alias
493 1754 637 1830 fornacis,
661 1761 692 1814 et
711 1772 779 1814 esse
795 1753 900 1814 nodum
918 1753 1059 1832 quendam
1075 1770 1134 1813 ma·

126 1841 235 1917 terias,
259 1838 287 1899 id
312 1831 390 1916 quod
414 1857 452 1898 ex
474 1845 561 1898 cocto
583 1839 712 1917 supersit
735 1837 877 1917 diphryga
897 1840 1006 1900 vocari.
1044 1837 1134 1899 llatio

127 1925 190 1987 eins
210 1927 239 1984 in
253 1923 396 1984 medicina
418 1923 521 1984 similis
544 1922 721 2002 praedictis,
743 1924 856 1984 siccare
880 1931 910 1984 et
928 1923 1134 1986 excrescentia

127 2027 301 2072 consumere
314 2025 347 2068 ac
361 2025 532 2086 repurgare.
563 2008 705 2087 probatur
722 2008 820 2086 lingua
832 2015 862 2068 ut
875 2027 938 2069 eam
950 2010 1041 2069 siccet
1054 2015 1134 2069 tactu
1145 2035 1175 2078 ω

127 2096 223 2156 statim
240 2110 434 2172 saporemque
450 2094 529 2153 aeris
544 2091 654 2154 reddat.

85 2190 136 2249 rat
214 2177 297 2257 (38.)
314 2175 408 2237 Unum
428 2179 582 2238 etiamnum
604 2178 681 2239 aeris
697 2177 864 2238 miraculum
882 2195 940 2238 non
957 2180 1135 2240 omittemus.

129 2263 254 2326 Servilia
271 2261 379 2323 familia
389 2261 520 2323 inlustris
532 2264 561 2323 in
572 2262 655 2323 fastis
670 2262 804 2323 trientem
816 2281 934 2325 aereum
947 2264 1040 2343 pascit
1050 2279 1135 2341 auro,

128 2357 272 2428 argento,
296 2355 514 2409 consumentem
542 2357 702 2427 utrumque.
739 2349 825 2425 origo
843 2356 930 2427 atque
953 2356 1053 2409 natura
1069 2348 1136 2408 eius

129 2437 308 2513 incomperta
333 2431 401 2493 mibi
426 2442 483 2494 est.
519 2433 610 2495 verba
632 2435 695 2512 ipsa
717 2431 753 2492 de
774 2450 809 2493 ea
825 2452 858 2494 re
882 2431 1028 2495 blessalae
1051 2433 1175 2498 senisse

129 2538 248 2600 ponam:
278 2517 533 2579 Serviliorum
559 2516 701 2578 familia
730 2515 842 2580 habet
870 2519 1054 2580 trientem
1078 2535 1136 2578 sa·

130 2621 232 2667 crum
255 2604 313 2664 oni
337 2619 559 2664 summacum
582 2621 668 2664 cura
688 2603 1059 2683 magnificentiaque
1075 2619 1137 2665 sa·

130 2706 189 2751 cra
219 2688 423 2767 quotannis
453 2688 616 2764 faciunt,
647 2705 751 2765 quem
778 2687 909 2750 ferunt
936 2688 1026 2750 alias
1054 2706 1136 2750 cre·

132 2773 233 2834 visse
256 2772 347 2834 alias
368 2771 600 2832 decrevisse
623 2771 746 2833 videri
767 2781 803 2833 et
822 2791 926 2835 exeo
942 2773 1136 2835 autbono·

132 2877 206 2920 rem
229 2867 290 2919 aut
312 2857 607 2918 deminutionem
628 2857 797 2918 familiae
818 2859 1046 2936 significari.
1145 2880 1175 2922 aa

89 2955 141 3014 138
217 2945 264 3006 14.
276 2943 360 3022 (39.)
372 2941 517 3004 Proxuma
536 2941 656 3002 indicari
669 2941 778 3004 debent
790 2942 906 3012 metalla
918 2943 1002 3022 ferri,
1016 2951 1136 3023 optumo

134 3046 332 3109 pessumoque
350 3028 428 3090 vitae
444 3029 655 3106 instrumento,
678 3027 821 3107 siquidem
837 3027 894 3090 boc
909 3028 1045 3091 tellurem
1061 3028 1137 3089 scin-

133 3113 243 3191 dimus,
264 3113 386 3174 arbores
408 3114 550 3191 serimus,
573 3113 691 3174 arbusta
713 3112 882 3191 tondemus,
904 3114 974 3176 vitis
995 3113 1137 3193 squalore

133 3198 235 3260 deciso
253 3199 334 3258 annis
357 3198 489 3259 omnibus
513 3199 644 3276 cogimus
658 3199 870 3278 iuvenescere,
890 3198 947 3260 boc
961 3200 1137 3260 exstruimus

136 3291 230 3361 tecta,
252 3282 398 3343 caedimus
420 3299 505 3361 saxa,
528 3283 680 3361 omnisque
698 3283 733 3344 ad
748 3281 823 3344 alios
839 3304 907 3345 usus
922 3283 1003 3345 ferro
1020 3285 1138 3361 utimur,
1147 3305 1177 3346 ss

135 3369 188 3429 sed
204 3367 308 3429 eodem
321 3367 356 3428 ad
370 3367 465 3444 bella,
481 3366 597 3444 caedis,
613 3367 781 3445 latrocinia,
797 3386 854 3429 non
869 3370 1026 3430 comminus
1042 3368 1138 3429 solum

136 3453 189 3515 sed
211 3454 297 3513 etiam
317 3452 419 3512 missili
437 3451 626 3530 volucrique,
652 3471 727 3514 nnnc
745 3457 897 3516 tormentis
920 3472 1045 3516 excusso
1063 3471 1139 3514 nunc

136 3538 273 3617 lacertis,
294 3555 369 3598 nunc
391 3553 464 3598 uero
487 3544 632 3617 penuatc,
653 3555 736 3616 quam
752 3538 1007 3601 sceleratissimam
1023 3538 1140 3600 humani
