2468 3896
284 245 366 291 nur.
381 244 472 292 rursu.
488 245 629 293 xxxum.
650 245 692 298 rs.
709 232 862 315 (so-55.)
1034 235 1075 299 65

136 399 218 478 (52.)
236 399 283 459 Fit
305 408 335 458 et
357 399 489 478 spodium
511 420 550 461 ex
570 401 687 480 plumbo
709 402 814 463 eodem
832 404 919 465 modo
935 423 993 484 quo
1010 425 1049 468 ex
1066 417 1117 473 rm

75 480 183 562 Cyprio
206 503 294 561 aere,
317 483 430 544 lavatur
452 485 480 544 in
500 485 598 546 linteis
620 488 693 547 raris
717 505 790 566 aqua
807 489 929 550 caelesti
952 508 1070 570 separa·
1082 513 1117 548 1³0

73 577 175 646 turque
204 577 353 629 terrenum
381 570 594 646 transfusione,
624 571 780 632 cribratum
808 576 921 633 teritur.
961 573 1074 654 quidam

73 652 225 732 pulverem
247 671 312 712 eum
341 655 437 732 pinnis
461 654 599 732 digerere
623 655 730 715 malunt
756 675 791 717 ac
819 666 918 719 terere
949 659 979 718 in
1005 659 1072 719 uiuo

57 737 207 798 sodorato.

131 821 217 902 (53.)
233 820 288 883 Est
308 830 340 882 et
358 822 566 901 molybdaeua‚
589 841 671 902 quam
691 825 749 885 alio
767 824 834 886 loco
850 827 983 906 galenam
998 845 1048 906 ap·
1065 836 1116 893 173

73 906 261 986 pellavimus‚
284 925 360 967 uena
388 909 502 986 argenti
527 908 694 989 plumbique
724 913 889 972 eommunis.
925 911 1118 972 meliores

72 991 142 1052 baec
161 1000 271 1071 quanto
287 993 379 1069 magis
395 993 475 1053 aurei
492 993 602 1053 coloris
619 1003 784 1073 quantoque
799 998 892 1056 miuus
909 996 1072 1076 plumbosa‚

72 1076 197 1138 friabilis
215 1085 246 1137 et
258 1076 371 1137 modice
388 1080 495 1154 gravis.
525 1087 609 1138 cocta
624 1097 686 1139 cum
703 1078 772 1140 oleo
787 1081 925 1142 iocineris
942 1081 1074 1142 colorem

12 1183 14 1284 q
46 1161 167 1223 ratrahit.
213 1161 399 1222 adhaerescit
425 1172 455 1222 et
481 1163 541 1222 auri
572 1165 745 1242 argentique
772 1165 952 1227 fornacibus.
1000 1165 1073 1226 banc

12 1287 13 1328 3
72 1245 248 1307 metallicam
261 1255 378 1306 vocant.
404 1245 599 1308 laudatissima
611 1265 684 1327 quae
696 1247 845 1328 Zephyrio
862 1250 921 1310 fiat.
947 1250 1072 1329 proban·

72 1340 115 1391 tur
129 1333 258 1392 minume
277 1340 414 1392 terrenae
430 1333 612 1410 minumeque
628 1332 796 1412 lapidosae,
819 1343 961 1394 cocuntur
977 1335 1073 1395 lavan-

72 1425 175 1494 turque
199 1417 315 1476 scoriae
338 1417 434 1476 modo.
474 1436 542 1476 usus
564 1418 593 1476 iu
617 1416 708 1496 lipara
731 1418 766 1478 ad
788 1418 922 1479 lenienda
946 1436 980 1479 ac
1004 1427 1116 1483 re·174

71 1500 239 1579 frigeranda
251 1501 350 1560 ulcera
363 1510 393 1561 et
409 1501 573 1581 emplastris
585 1520 660 1581 quae
672 1520 731 1562 uon
747 1501 904 1580 inligantur
919 1503 972 1564 sed
990 1502 1072 1562 inlita

46 1586 103 1646 uad
118 1587 290 1646 cicatricem
301 1585 463 1664 perducunt
475 1588 504 1646 in
518 1588 629 1646 teneris
646 1587 821 1666 corporibus
833 1586 1070 1665 mollissimisque

71 1670 213 1750 partibus.
244 1670 420 1749 compositio
444 1673 507 1731 eius
528 1690 544 1730 e
563 1668 649 1732 libris
666 1672 758 1732 tribus
777 1681 806 1731 et
822 1691 908 1733 cerae
924 1672 999 1733 libra
1013 1671 1071 1732 olei

71 1757 163 1816 tribus
194 1754 337 1832 beminis,
365 1755 441 1834 quod
469 1757 498 1815 in
525 1756 610 1815 senili
635 1774 762 1836 corpore
787 1775 850 1817 cum
871 1757 999 1818 fracibus
1025 1757 1072 1817 ad·

71 1841 155 1902 ditur.
197 1847 378 1918 temperatur
403 1858 466 1901 cum
485 1858 585 1920 spuma
608 1844 722 1919 argenti
743 1850 773 1902 et
795 1844 891 1902 scoria
913 1841 1020 1922 plumbi
1037 1841 1072 1901 ad

12 1911 13 1986 l
72 1926 271 2003 dysenteriam
285 1934 315 1985 et
330 1933 491 1986 tenesmum
505 1924 632 1986 fovenda
649 1925 748 1987 calida.

46 2027 65 2068 ro
131 2012 218 2090 (54.)
233 2008 413 2070 Psimithium
424 2027 551 2089 quoque,
567 2009 624 2070 boc
640 2019 686 2071 est
701 2029 859 2088 cerussam,
874 2011 1051 2090 plumbariae
1064 2020 1114 2076 175

12 2151 13 2178 i
72 2095 136 2156 dant
156 2095 304 2156 cilicinae.
337 2094 563 2155 laudatissimum
581 2097 609 2154 iu
627 2094 739 2155 Rhodo.
773 2096 804 2155 tit
822 2098 1071 2157 autemnamentis

12 2183 14 2216 ³
72 2181 181 2259 plumbi
201 2180 379 2241 tenuissimis
396 2198 485 2260 super
499 2197 551 2240 uas
567 2181 642 2240 aceti
660 2182 815 2260 asperrimi.
827 2182 962 2260 inpositis
985 2190 1071 2259 atque

72 2267 109 2326 ita
127 2264 357 2326 destillantibus.
388 2266 465 2344 quod
486 2283 524 2325 ex
543 2282 579 2325 eo
598 2265 703 2324 cecidit
719 2268 748 2324 in
767 2266 860 2344 ipsum
878 2274 990 2326 acetum
1009 2283 1072 2324 are·

71 2351 177 2412 factum
193 2349 313 2410 molitur
327 2358 358 2410 et
382 2349 526 2410 cribratur
547 2351 710 2427 iterumque
730 2358 815 2409 aceto
835 2349 962 2410 admixto
979 2352 1007 2409 in
1024 2367 1073 2428 pa-

44 2436 166 2498 estillos
185 2434 322 2495 dividitur
335 2443 366 2495 et
381 2434 410 2492 iu
427 2434 491 2494 sole
507 2435 633 2495 siccatur
647 2441 771 2494 aestate.
804 2433 835 2493 iit
856 2442 885 2493 et
901 2434 957 2493 alio
973 2433 1070 2511 modo,

72 2520 169 2581 addito
196 2522 226 2580 in
250 2537 356 2580 urceos
381 2520 455 2579 aceti
480 2519 598 2598 plumbo
630 2527 782 2597 opturatos
805 2536 860 2597 per
883 2519 946 2579 dies
972 2518 1073 2578 decem

71 2605 239 2684 derasoque
258 2622 312 2664 ceu
327 2606 384 2664 situ
406 2621 439 2664 ao
455 2623 555 2664 rursus
577 2604 690 2664 reiecto
706 2602 799 2663 donec
813 2603 928 2664 deficiat
943 2604 1070 2664 materia.

72 2692 146 2770 quod
163 2691 299 2752 derasum
323 2698 369 2750 est
387 2689 494 2750 teritur
509 2698 539 2749 et
554 2687 696 2748 cribratur
711 2696 741 2747 et
757 2689 890 2766 coquitur
901 2691 931 2748 in
942 2690 1048 2767 patinis
1065 2701 1115 2755 176

71 2779 270 2855 misceturque
294 2773 432 2834 rudiculis
455 2773 550 2834 donec
577 2773 705 2833 rufescat
727 2781 757 2833 et
781 2773 875 2834 simile
897 2774 1071 2834 sandaracae

44 2862 125 2922 aciat.
161 2861 231 2921 dein
247 2859 360 2919 lavatur
375 2858 450 2920 dulci
471 2876 544 2936 aqua
562 2857 656 2918 donec
677 2857 838 2918 nubeculae
856 2876 955 2918 omues
976 2856 1069 2917 eluan-

73 2955 123 3008 tur.
160 2947 289 3007 siccatur
312 2952 418 3024 postea
438 2942 573 3004 similiter
595 2951 625 3002 et
646 2944 675 3002 in
694 2941 828 3021 pastillos
850 2942 993 3002 dividitur.
1027 2944 1071 3003 uis

12 3059 13 3064 κ
73 3033 133 3092 eius
161 3030 265 3091 eadem
287 3046 361 3109 quac
388 3046 476 3108 supra
496 3027 599 3104 dictis,
626 3026 774 3087 leuissima
795 3035 902 3087 tantum
926 3046 964 3088 ex
985 3030 1072 3088 omni-

12 3123 14 3204 )
73 3114 142 3194 bus,
165 3123 346 3196 praeterque
369 3113 403 3174 ad
419 3113 575 3174 candorem
590 3112 767 3172 feminarum.
800 3120 846 3172 est
862 3121 956 3174 autem
975 3113 1072 3174 letalis

12 3205 14 3240 l
73 3209 143 3279 potu
163 3202 240 3261 sicut
265 3217 365 3278 spuma
381 3198 504 3280 argenti.
539 3205 644 3276 postea
659 3215 777 3257 cerussa
794 3197 858 3275 ipsa
876 3199 900 3257 si
922 3207 1073 3277 coquatur,

41 3286 202 3346 crufesctr.

135 3371 219 3450 (55.)
238 3367 419 3430 Sandaracae
437 3387 554 3449 quoque
569 3366 778 3448 propemodum
793 3366 868 3428 dicta
880 3378 981 3428 natura
994 3376 1049 3428 est.
1066 3374 1115 3432 177

73 3455 325 3516 iuveniturautem
336 3455 407 3514 etin
418 3455 540 3514 aurariis
554 3461 584 3514 ct
593 3455 622 3512 in
634 3453 807 3530 argentariis
820 3453 957 3528 metallis,
970 3451 1075 3510 melior

75 3557 130 3618 quo
146 3543 238 3619 magis
258 3539 321 3600 rufa
342 3556 458 3618 quoque
476 3541 568 3616 magis
584 3539 665 3597 virus
681 3536 819 3598 redolens
837 3555 871 3596 ac
889 3553 959 3614 pura
977 3533 1074 3592 friabi-

114 3640 192 3684 ruuu
210 3641 278 3688 rar.
301 3641 379 3685 ursr.
397 3627 434 3686 V.
896 3622 913 3677 5
