2510 3898
118 215 158 278 86
465 225 494 274 c.
510 225 608 283 runnu
622 221 769 273 sucunor
785 219 790 228 ·

1 388 9 401 ’
120 401 203 462 quarn
219 384 330 460 quidam
344 379 504 441 Nausicaan
517 388 632 457 vocant,
648 379 786 441 adiecerit
804 379 939 458 parvolas
954 381 1034 440 navis
1051 381 1116 441 lon·

119 485 172 545 gas
193 467 222 526 in
244 468 279 527 iis
302 484 374 546 quae
390 466 520 544 pictores
537 466 672 543 parergia
687 463 852 544 appellant,
875 473 905 523 ut
926 463 1080 543 adpareret
1098 483 1115 526 a

119 551 223 629 quibus
250 551 339 610 initiis
367 549 401 610 ad
422 567 517 610 arcem
544 550 749 609 ostentationis
776 565 866 628 opera
890 566 941 609 sua
963 551 1116 628 pervenis-

79 646 127 700 102
139 644 215 696 sent.
260 634 382 696 Palmam
404 632 492 694 babet
513 632 670 693 tabularum
693 633 755 693 eius
776 631 905 710 Ialysus,
924 635 971 711 qui
993 641 1040 693 est
1056 632 1117 694 Ro·

118 738 180 798 mae
204 719 314 781 dicatus
339 720 368 778 in
390 717 497 796 templo
519 716 612 777 Pacis.
653 734 715 776 cunr
734 719 871 795 pingeret
888 735 969 794 eum,
993 717 1139 780 traditura

118 801 237 864 madidis
253 803 358 882 lupinis
377 803 504 879 uixisse,
525 802 658 880 quoniam
674 801 755 860 simul
774 810 804 862 et
818 801 921 862 samem
936 802 1115 862 sustinerent

119 896 148 948 et
167 889 243 947 sitim
260 905 314 948 nec
331 905 433 947 seusus
449 888 534 946 nimia
549 883 701 946 dulcedine
714 884 912 948 obstruerent.
943 885 1009 946 lruic
1023 887 1115 965 pictu-

118 989 168 1032 rae
184 981 287 1051 quater
302 970 432 1031 colorem
453 970 563 1030 induxit
582 978 681 1029 contra
697 969 825 1030 subsidia
842 971 964 1031 iniuriae
987 978 1017 1030 et
1034 978 1115 1030 netu·
1169 996 1170 999 ¹

119 1058 219 1133 statis,
234 1065 265 1115 ut
281 1055 441 1116 decedente
455 1057 608 1134 superiore
624 1054 745 1114 inferior
761 1049 938 1115 succederet.
969 1062 1016 1114 est
1034 1055 1062 1114 in
1079 1072 1115 1115 ea

119 1141 197 1199 canis
216 1141 288 1200 mire
302 1141 394 1201 iactus
409 1148 439 1199 ut
456 1157 541 1218 quem
555 1140 665 1217 pariter
681 1146 711 1198 et
725 1156 809 1199 casus
828 1139 962 1217 pinxerit.
998 1156 1055 1199 non
1072 1139 1115 1198 iu·
1127 1161 1155 1202 ro

119 1222 232 1284 dicabat
250 1243 283 1284 se
306 1226 333 1283 in
350 1241 386 1284 eo
403 1225 569 1303 exprimere
586 1240 712 1301 spumam
727 1222 904 1301 anhelantis,
919 1240 983 1283 cum
998 1223 1027 1282 in
1046 1223 1115 1284 reli-

47 1340 52 1350 ·
119 1326 174 1387 qua
190 1317 273 1387 parte
290 1310 381 1384 omni,
401 1307 477 1387 quod
493 1305 688 1368 difficillimum
705 1315 786 1384 erat,
803 1307 937 1387 sibiipsa
954 1308 1114 1368 satisfecis-

77 1403 128 1458 103
136 1401 190 1452 set.
222 1393 394 1472 displicebat
411 1401 505 1453 autem
525 1410 572 1452 ars
591 1393 652 1469 ipsa
669 1410 723 1451 nec
737 1391 823 1452 minui
839 1400 973 1471 poterat,
988 1400 1017 1452 et
1033 1391 1113 1452 vide·

118 1476 203 1538 batur
217 1479 301 1539 nimia
317 1495 349 1537 ac
366 1476 480 1555 longius
493 1495 509 1536 a
523 1479 647 1536 veritate
663 1475 833 1554 discedere,
850 1493 1005 1556 spumaque
1021 1477 1114 1555 pingi,

119 1579 176 1621 non
189 1579 226 1623 ex
243 1580 295 1623 ore
312 1562 402 1639 nasci,
417 1562 503 1620 anxio
520 1561 603 1620 animi
619 1561 757 1638 cruciatu,
769 1578 831 1621 cum
846 1562 874 1620 in
887 1562 999 1640 pictura
1013 1578 1115 1620 verum
1125 1576 1153 1616 ss

118 1665 197 1723 csse,
210 1642 443 1707 uou'verisimile
455 1645 557 1722 vellet,
570 1645 750 1705 absterserat
765 1646 1114 1724 saepiusmutareratquc

118 1729 299 1807 penicillum,
312 1729 391 1789 nullo
406 1728 491 1789 modo
509 1729 564 1788 sibi
582 1727 755 1807 adprobans.
781 1738 930 1808 postremo
944 1731 1034 1789 iratus
1046 1731 1114 1806 arti,

118 1813 195 1890 quod
216 1814 457 1892 intellegeretur,
480 1821 639 1892 spongeam
656 1813 768 1892 inpegit
789 1815 883 1873 inviso
902 1813 968 1874 loco
985 1813 1113 1891 tabulae,
1135 1855 1138 1860 -

119 1905 148 1958 et
168 1897 216 1958 illa
233 1900 365 1976 reposuit
385 1896 498 1957 ablatos
519 1897 638 1957 colores
657 1896 782 1975 qualiter
796 1915 863 1958 cura
879 1906 1047 1977 optaverat,
1071 1898 1114 1958 le-

76 1993 126 2046 104
137 1983 234 2061 citque
251 1983 279 2041 in
291 1983 401 2060 pictura
415 1982 530 2042 iortuna
545 1990 681 2043 naturam.
713 1979 924 2062 llos-exemplo
936 1981 999 2043 eius
1012 1981 1113 2042 similis
1124 1994 1152 2035 ²⁰

118 2072 148 2126 et
163 2064 291 2127 Nealcen
311 2083 462 2126 successus
478 2083 595 2144 spumae
613 2067 680 2145 equi
700 2065 833 2127 similiter
850 2083 981 2144 spongea
999 2067 1113 2145 inpacta

117 2158 235 2210 secutus
257 2150 376 2226 dicitur,
403 2167 466 2210 cum
493 2151 630 2228 pingeret
657 2158 844 2230 poppyzonta
866 2152 1039 2211 retinentem
1061 2169 1114 2230 par

76 2254 109 2289 tot
121 2252 212 2294 ecum.
236 2236 274 2294 ita
286 2234 470 2311 Protogenes
486 2235 657 2296 monstravit
674 2244 704 2295 et
721 2235 871 2296 fortunam.
895 2234 1021 2314 Propter
1039 2235 1114 2296 bunc

116 2317 258 2397 Ialysum,
282 2338 317 2379 ne
342 2326 485 2378 cremaret
507 2318 648 2398 tabulam,
666 2317 831 2381 Demetrius
849 2337 919 2398 rex,
941 2337 1004 2379 cum
1019 2319 1054 2379 ab
1076 2339 1113 2380 ea

117 2412 199 2481 parte
218 2403 281 2462 sola
304 2411 407 2481 posset
425 2401 557 2463 Rhodum
572 2421 692 2482 capere,
707 2421 764 2463 non
779 2403 916 2481 incendit,
931 2413 1112 2483 parcentem·
1122 2418 1149 2459 as

76 2498 124 2550 105
138 2505 193 2564 que
217 2490 346 2566 picturae
368 2488 442 2564 fugit
457 2488 574 2548 occasio
592 2489 741 2549 victoriae.
773 2496 835 2548 erat
849 2496 916 2549 tunc
926 2487 1111 2565 Protogenes

116 2573 145 2630 in
166 2571 331 2631 suburbano
353 2587 406 2630 suo
431 2570 565 2649 hortulo,
583 2571 639 2632 boc
655 2581 700 2632 est
713 2571 854 2633 Demetrii
873 2574 994 2650 castris,
1016 2590 1111 2651 neque

115 2653 319 2732 interpellatus
340 2653 463 2733 proeliis
481 2653 613 2716 inchoata
635 2673 725 2735 opera
745 2657 901 2718 intermisit
923 2658 1038 2717 omnino
1055 2658 1111 2716 nisi

116 2739 224 2798 accitus
239 2755 256 2797 a
274 2755 362 2816 rege,
375 2738 632 2818 interrogatusque
649 2759 704 2820 qua
714 2741 816 2802 fiducia
832 2749 1027 2804 extramuros
1043 2759 1111 2818 age·

116 2829 161 2882 ret
178 2821 329 2901 respondit
344 2823 420 2883 scire
435 2841 468 2882 se
484 2840 547 2884 cum
561 2821 682 2884 Rhodiis
696 2825 737 2885 illi
748 2825 862 2886 -bellum
877 2845 957 2904 esse,
973 2843 1031 2886 nou
1046 2843 1110 2885 cum
1122 2847 1147 2887 so

21 2909 27 2917 “
116 2906 234 2966 artibus.
279 2906 423 2986 disposuit
445 2925 499 2968 rex
519 2908 547 2966 in
571 2908 689 2968 tutelam
710 2911 772 2970 eius
797 2910 956 2987 stationes,
982 2909 1110 2988 gaudens

116 2991 192 3067 quod
213 3009 311 3052 manus
330 2999 461 3052 servaret
477 2991 580 3070 quibus
597 3003 786 3072 pepercerat,
811 3004 840 3055 et
856 3013 893 3056 ne
907 2996 1023 3075 saepius
1043 3011 1111 3054 avo·

115 3082 212 3152 caret,
234 3074 310 3136 ultro
333 3074 448 3136 adeum
468 3077 550 3136 venit
572 3075 666 3137 bostis
685 3079 854 3158 relictisque
874 3079 1015 3139 uictoriae
1040 3097 1110 3139 suae

115 3159 193 3217 votis
209 3161 285 3219 inter
300 3177 376 3220 arma
392 3168 421 3220 et
436 3177 580 3220 murorum
595 3159 668 3222 ictus
684 3165 827 3242 spectavit
842 3164 999 3241 artificem,
1015 3165 1110 3244 sequi·

116 3249 220 3321 turque
244 3243 366 3303 tabulam
384 3243 461 3304 illius
477 3248 616 3323 temporis
636 3245 709 3307 haec
724 3248 812 3326 lama,
834 3247 911 3326 quod
929 3267 992 3307 eam
1006 3247 1145 3308 Proto-ss
1247 3243 1248 3246 ’

75 3335 125 3391 106
137 3344 229 3403 genes
245 3327 298 3386 sub
313 3327 410 3404 gladio
427 3330 562 3406 pinxerit.
600 3330 719 3408 Satyrus
739 3332 785 3392 lric
805 3341 850 3392 est
865 3349 949 3411 quem
970 3349 1110 3411 anapauo-

115 3428 220 3470 menon
235 3419 356 3488 vocant,
372 3429 408 3472 ne
428 3411 495 3490 quid
509 3412 585 3474 desit
601 3418 741 3494 temporis
756 3417 818 3476 eius
831 3418 994 3494 securitati,
1009 3425 1109 3478 tenen·

115 3503 173 3555 tem
196 3495 290 3556 tibias.
332 3496 402 3556 iecit
429 3505 458 3556 et
485 3493 636 3578 Cydippen
659 3507 690 3559 et
718 3500 932 3580 Tlepolemum,
954 3500 1109 3561 Philiscum
