2510 3898
301 233 383 282 unu.
395 234 487 282 nisu.
503 236 610 283 xxxv.
629 233 716 290 Η.
733 222 884 305 (io—35.)
1047 230 1087 288 77

78 388 110 451 C.
125 389 273 450 Terentio
288 389 415 452 Lucano.
451 390 477 449 is
498 407 553 452 avo
571 409 624 452 suo
640 411 656 452 a
677 409 734 470 quo
751 393 903 472 adoptatus
924 393 1019 453 luerat
1037 396 1086 453 tri-

76 477 160 553 ginta
186 477 270 553 paria
291 477 320 535 in
340 475 408 534 ioro
421 491 476 554 per
491 475 614 536 triduum
633 476 712 537 dedit
730 477 913 555 tabulamque
933 478 1036 556 pictam
1057 480 1086 538 in

76 577 202 622 nemore
219 559 329 620 Dianae
344 560 451 638 posuit.

140 645 170 706 8.
188 644 276 724 (34.)
291 643 374 704 Nunc
389 642 516 704 celebris
530 645 559 704 in
575 661 610 705 ea
624 653 785 723 antequam
798 662 927 705 maxuma
939 645 1083 706 brevitate
1093 658 1128 713 53

58 745 262 808 spercurranu,
276 747 371 806 neque
382 730 457 789 enim
468 729 591 788 instituti
603 731 704 808 operis
717 739 764 789 est
776 729 840 789 talis
855 731 1021 808 exsecutio,
1034 732 1085 789 ita·

77 831 132 892 que
150 813 294 892 quosdam
309 813 358 874 vel
373 815 403 873 in
419 822 585 873 transcursu
601 822 630 874 et
646 815 675 874 in
690 813 812 874 aliorum
823 815 970 875 mentione
988 813 1085 874 obiter

77 900 248 961 nominasse
270 899 342 959 satis
364 899 437 974 erit,
464 899 598 977 exceptis
619 916 739 977 operum
759 898 939 959 claritatibus
955 916 1030 978 quae
1055 906 1084 958 et

13 1053 14 1064 χ
77 984 138 1060 ipsa
151 985 313 1043 conveniat
328 984 429 1060 attingi
446 983 509 1042 sive
523 990 639 1042 exstant
651 984 714 1043 sive
729 982 915 1044 intercidere.
934 983 1000 1043 Non
1011 1000 1079 1044 con·
1091 993 1125 1047 54

13 1065 14 1090 ³
78 1075 133 1126 stat
149 1067 210 1126 sibi
225 1067 255 1126 in
270 1066 325 1127 hac
336 1075 421 1145 parte
435 1065 611 1128 Graecorum
625 1066 777 1145 diligentia
791 1066 894 1127 multas
911 1077 979 1146 post
995 1068 1083 1145 olym-

52 1151 176 1230 apiadas
193 1151 373 1212 celebrando
390 1153 518 1230 pictores
537 1168 621 1229 quam
636 1153 792 1212 statuarios
809 1170 844 1212 ac
859 1161 1007 1232 torentas,
1026 1154 1083 1232 pri·

76 1254 212 1314 mumque
226 1235 390 1314 olympiade
407 1237 611 1313 nonagesima,
627 1255 689 1296 cum
708 1244 738 1297 et
751 1235 871 1296 Phidian
888 1237 980 1316 ipsum
998 1238 1081 1298 initio

77 1322 224 1400 pictorem
241 1321 334 1380 luisse
357 1320 484 1380 tradatur
504 1319 686 1399 clipeumque
703 1320 826 1381 Athenis
847 1319 883 1381 ab
905 1338 941 1381 eo
964 1323 1082 1401 pictum,

77 1415 237 1484 praeterea
260 1407 289 1464 in
311 1405 449 1466 confesso
481 1405 519 1464 sit
536 1406 717 1482 octogesima
738 1407 824 1465 tertia
846 1405 938 1466 luisse
962 1407 1082 1466 iratrem

78 1491 139 1550 eius
154 1490 335 1566 Panaenum,
347 1491 395 1567 qui
408 1489 532 1568 clipeum
548 1491 623 1550 intus
636 1491 729 1568 pinxit
740 1487 824 1548 Elide
836 1487 985 1550 llinervae
998 1508 1080 1568 quam

53 1575 189 1636 siccarat
199 1571 323 1634 Colotes
337 1573 494 1652 discipulus
502 1572 622 1634 Phidiae
635 1582 665 1635 et
678 1575 704 1634 ei
720 1575 749 1634 in
764 1572 897 1634 iaciendo
907 1571 1081 1650 loveOlym-

79 1660 124 1736 pio
151 1658 281 1719 adiutor.
329 1657 396 1736 quid
419 1657 496 1737 quod
518 1659 547 1718 in
568 1659 706 1720 confesso
729 1657 851 1737 perinde
875 1666 922 1718 est
944 1657 1076 1718 Bularchi
1088 1671 1122 1723 55

79 1744 202 1820 pictoris
216 1742 361 1818 tabulam,
372 1744 401 1803 in
416 1760 472 1822 qua
484 1751 547 1803 erat
557 1741 722 1821 Magnetum
733 1741 893 1821 proelium,
906 1761 922 1802 a
935 1741 1080 1804 Candaule

78 1846 148 1906 rege
165 1827 276 1904 Lydiae
298 1826 513 1888 Heraclidarum
531 1828 707 1906 novissimo,
727 1827 775 1906 qui
798 1835 828 1887 et
847 1825 983 1905 llyrsilus
1002 1829 1080 1888 voci-

79 1920 152 1973 tatus
173 1920 238 1990 est,
255 1929 409 1990 repensam
432 1909 523 1972 auro?
553 1920 629 1972 tanta
646 1913 699 1972 iam
717 1911 846 1990 dignatio
862 1913 990 1991 picturae
1008 1921 1079 1972 erat.

56 1998 155 2057 arsinoa
173 1995 292 2056 Romuli
309 1997 337 2056 id
353 2005 478 2056 aetatem
499 1996 637 2058 acciderit
652 2015 777 2057 necesse
798 2003 862 2073 est,
888 1999 994 2058 etenim
1010 1996 1080 2057 duo·

80 2081 257 2142 devicesima
273 2080 436 2160 olympiade
454 2082 565 2141 interiit
581 2079 743 2141 Candaules
759 2089 825 2158 aut,
845 2089 876 2140 ut
893 2081 1006 2160 quidam
1025 2089 1080 2142 tra·

80 2166 164 2243 dunt,
188 2165 293 2226 eodem
310 2183 384 2226 anno
401 2183 457 2243 quo
474 2164 630 2242 Romulus,
652 2166 707 2226 nisi
729 2164 833 2244 iallor,
856 2167 1008 2227 manifesta
1025 2167 1080 2225 iam

81 2258 145 2310 tunc
161 2249 297 2310 claritate
311 2251 393 2328 artis,
410 2249 484 2310 adeo
500 2249 696 2311 absolutione.
721 2250 834 2328 quodsi
848 2252 939 2330 recipi
952 2269 1076 2312 necesse
1088 2260 1122 2316 56

81 2342 141 2413 est,
172 2334 258 2395 simul
280 2335 417 2412 adpareat
441 2333 531 2394 multo
552 2335 715 2394 vetustiora
733 2334 874 2413 principia
895 2352 1006 2414 eosque
1031 2336 1079 2413 qui

54 2419 325 2490 amonochromatis
347 2420 510 2498 pinxerint,
542 2436 662 2496 quorum
683 2426 764 2478 aetas
787 2435 845 2478 non
863 2419 999 2495 traditur,
1030 2419 1080 2479 ali-

10 2519 11 2588 }
81 2512 187 2583 quanto
211 2505 409 2581 antefuisse,
432 2501 820 2582 Hygiaenontem,Dinian,
845 2500 1022 2564 Charmadan
1050 2511 1079 2564 et

10 2651 11 2654 ,
81 2591 125 2666 qui
153 2589 264 2667 primus
279 2590 307 2648 in
329 2590 440 2668 pictura
454 2605 561 2648 marem
582 2589 718 2648 alemina
737 2585 911 2648 discreverit
926 2587 1079 2649 Eumarum

81 2672 291 2734 Atheniensem
304 2674 410 2751 figuras
422 2671 513 2733 omnis
526 2673 629 2732 imitari
641 2690 756 2749 ausum,
768 2674 874 2752 quique
886 2674 1003 2734 inuenta
1015 2674 1079 2736 eius

10 2769 11 2776 ’
82 2757 246 2819 excoluerit
260 2756 406 2818 Cimonem
422 2754 610 2818 Cleonaeum.
642 2757 689 2817 hic
700 2757 871 2837 catagrapha
888 2758 1081 2836 invenit,hoc

55 2851 126 2903 aest
148 2841 284 2920 obliquas
300 2843 457 2919 imagines,
480 2849 510 2902 et
526 2844 607 2902 varie
622 2843 747 2902 formare
761 2841 876 2922 voltus,
893 2843 1079 2920 respicientis

84 2928 310 3006 suspicientisve
318 2926 365 2987 vel
378 2926 578 3006 despicientis,
596 2925 723 2986 articulis
736 2927 864 2988 membra
876 2927 1019 3004 distinxit,
1030 2946 1080 2986 ue·

84 3030 131 3071 nas
145 3011 286 3091 protulit,
303 3019 479 3090 praeterque
494 3012 524 3070 in
538 3019 624 3071 veste
642 3029 729 3088 rugas
746 3019 776 3072 et
791 3013 870 3071 sinus
889 3011 1009 3071 invenit.
1026 3010 1077 3070 Pa·
1088 3023 1120 3080 57

86 3114 191 3156 uacuus
204 3096 319 3174 quidem
327 3094 541 3156 iraterPhidiae
556 3097 642 3156 etiam
655 3095 798 3175 proelium
805 3094 1025 3156 Atheniensium
1034 3097 1080 3157 ad-

87 3197 199 3240 versum
211 3179 318 3242 Persas
333 3179 407 3259 apud
420 3178 588 3240 lllarathona
603 3181 708 3241 lactum
723 3180 824 3259 pinxit.
841 3179 915 3241 adeo
930 3183 985 3240 iam
1000 3182 1079 3242 colo-

61 3279 221 3326 tsrumusns
232 3265 429 3342 increbuerat,
438 3264 571 3344 adeoque
582 3283 629 3326 ars
637 3265 769 3343 perlecta
785 3274 847 3326 erat
861 3273 891 3324 ut
905 3266 934 3324 in
949 3283 1079 3345 enproe-

88 3347 125 3408 lio
136 3350 266 3410 iconicos
279 3347 368 3410 duces
382 3351 512 3428 pinxisse
528 3348 670 3426 tradatur,
683 3348 905 3411 Atheniensium
919 3349 1079 3429 Miltiaden,

10 3439 11 3452 ¹
91 3430 298 3513 Callimachum,
314 3430 518 3513 Cynaegirum,
539 3433 726 3494 barbarorum
745 3433 850 3513 Datim,
861 3433 1078 3513 Artaphernem

143 3521 171 3580 9.
188 3521 270 3598 (35.)
290 3515 365 3590 Quin
380 3519 465 3578 immo
483 3528 630 3579 certamen
646 3519 731 3579 etiam
748 3520 878 3597 picturae
894 3518 1018 3578 florente
1038 3535 1075 3577 eo
1088 3527 1122 3581 58
