2510 3898
389 213 471 262 ssu.
487 214 579 264 mem
594 214 730 264 mvn.
746 213 773 265 a.
789 204 862 284 (ιι.)
1073 205 1133 269 149

128 377 214 431 actos
240 370 377 449 pinguem
406 370 543 431 sudorem
568 370 598 430 iu
623 389 658 432 ea
683 371 852 451 relinquere
880 375 999 450 oceani,
1026 373 1131 436 deinde

129 453 263 516 aestibus
278 455 308 514 in
322 452 531 516 Germanorum
546 453 633 516 litora
648 457 713 516 eici.
749 458 778 517 in
794 456 934 536 Aegypto
950 461 1030 520 nasci
1047 459 1131 522 simili

128 537 218 600 modo
233 546 264 599 et
283 540 384 600 vocari
405 537 504 617 sacal,
526 540 596 600 item
611 542 640 599 in
655 540 739 602 India
752 541 923 620 gratiusque
940 549 970 603 et
992 561 1046 623 pro
1067 552 1131 604 ture

130 642 201 684 esse
216 621 305 684 ludis.
339 625 369 684 in
387 623 471 701 Syria
487 641 604 702 quoque
620 626 742 686 feminas
757 624 922 686 verticillos
937 627 1006 688 inde
1026 628 1126 688 lacere
1138 637 1172 694 et

4 755 6 788 ,
107 716 161 770 eet
178 709 279 768 vocari
294 705 439 787 harpaga,
461 709 528 787 quis
543 707 614 769 lolia
634 709 793 789 paleasque
811 718 842 771 et
865 712 988 772 vestium
1003 711 1131 772 fimbrias

127 793 234 872 rapiat.
275 790 493 854 Tbeocbrestus
521 809 634 855 occano
660 793 689 854 id
713 802 905 856 exaestuante
930 796 965 856 ad
987 795 1130 874 Pyrenaei

127 878 330 957 promontoria
350 878 425 956 eici,
448 876 526 958 quod
548 886 578 937 et
601 875 785 940 Xenocrates
806 879 937 941 credidit.
969 880 1016 955 qni
1032 877 1068 937 de
1085 880 1130 940 his

127 959 297 1041 nuperrime
321 963 440 1041 scripsit
468 961 599 1040 vivitque
626 961 718 1023 adbuc
744 962 893 1024 Asambas
933 964 1020 1026 tradit
1051 966 1130 1024 iuxta

127 1046 307 1107 Atlanticum
318 1064 397 1108 mare
409 1065 478 1108 esse
490 1045 583 1107 lacum
590 1042 745 1126 Cephisida
754 1065 839 1126 quem
845 1045 937 1108 biauri
948 1056 1056 1110 vocent
1064 1046 1131 1109 Ele·

3 1151 4 1156 *
94 1139 231 1191 rostrum.
266 1129 340 1190 bunc
354 1131 420 1192 sole
436 1129 626 1192 excalfactum
647 1150 665 1192 e
683 1131 753 1192 limo
769 1131 895 1192 reddere
911 1133 1052 1194 electrum
1069 1133 1131 1192 dui·

127 1222 203 1279 tans.
235 1211 370 1276 Mnaseas
386 1215 505 1276 Africae
527 1214 621 1276 locum
637 1213 791 1294 Sicyonem
810 1216 939 1295 appellat
961 1224 992 1277 et
1008 1214 1172 1283 Crathines

126 1317 240 1360 amnem
255 1300 285 1359 in
302 1316 441 1360 oceanum
456 1298 624 1360 effluentem
639 1318 655 1360 e
672 1300 753 1379 lacu,
771 1302 801 1360 in
815 1317 873 1379 qno
890 1303 971 1379 avis,
986 1318 1057 1379 quas
1070 1319 1130 1361 me·

126 1383 275 1462 leagridas
288 1391 318 1444 et
331 1383 494 1464 penelopas
506 1392 603 1462 vocat,
617 1386 730 1446 vivere.
755 1384 796 1446 ibi
812 1386 891 1445 nasci
903 1386 1018 1446 ratione
1030 1385 1129 1445 eadem

126 1487 183 1549 qua
197 1485 286 1547 supra
302 1468 408 1529 dictum
423 1478 479 1530 est.
509 1467 693 1530 Theomenes
708 1467 816 1546 Syrtim
830 1469 909 1529 iuxta
919 1486 1050 1547 magnam
1061 1469 1127 1530 bor·
1137 1488 1161 1524 a

92 1573 116 1613 rs
127 1564 188 1614 tum
199 1551 385 1633 llesperidon
397 1572 467 1614 esse
477 1561 509 1614 et
521 1561 653 1631 stagnum
664 1551 830 1630 Electrum,
845 1553 886 1613 ibi
901 1553 1024 1614 arbores
1037 1571 1130 1633 popu-

126 1638 174 1699 los
186 1655 306 1718 quarum
321 1657 338 1698 e
354 1637 547 1699 cacuminibus
563 1639 592 1698 in
605 1646 738 1717 stagnum
754 1637 854 1716 cadat,
869 1637 970 1716 colligi
985 1646 1081 1698 autem
1092 1637 1128 1698 ab

124 1723 290 1801 virginibus
303 1719 504 1803 Hesperidum.
526 1720 640 1784 ctesias
653 1725 683 1784 iu
695 1721 774 1783 lndis
788 1721 893 1783 damen
908 1739 977 1784 esse
989 1720 1124 1802 llypoba-
1137 1729 1172 1788 39

124 1825 205 1885 rum,
241 1825 300 1887 quo
331 1807 475 1868 vocabulo
503 1808 684 1886 significetur
712 1809 806 1868 omnia
835 1807 922 1868 bona'
940 1825 1005 1868 eum
1037 1808 1128 1883 ferre,

1 1939 3 1958 ,
126 1891 221 1952 liuere
245 1893 480 1971 aseptentrione
503 1893 533 1952 in
555 1893 719 1954 exortivum
741 1909 880 1953 oceanum
900 1894 981 1954 iuxta
1002 1899 1129 1952 montem

90 1997 117 2038 ao
126 1975 297 2038 silvestrem
312 1976 466 2037 arboribus
481 1976 622 2038 electrum
636 1977 808 2038 ferentibus.
839 1977 962 2038 arbores
977 1994 1025 2037 aas
1040 1977 1129 2054 sipta-

126 2059 233 2122 cboras
252 2061 368 2137 vocari,
391 2078 447 2140 qua
471 2060 670 2140 appellatione
688 2063 869 2140 significetur
883 2061 1048 2141 praedulcis
1063 2076 1130 2120 sua·

125 2147 213 2206 vitas.
239 2143 423 2206 Mithridates
434 2146 465 2205 in
476 2144 647 2207 Germaniae
663 2145 799 2207 litoribus
815 2147 937 2206 insulam
949 2165 1029 2223 esse,
1045 2161 1129 2224 quem

124 2229 228 2290 vocari
243 2228 385 2305 Seritam,
401 2229 480 2290 cedri
498 2249 610 2308 genere
627 2230 780 2306 silvosam,
802 2231 870 2291 inde
885 2229 1016 2292 debuere
1032 2231 1062 2289 in
1079 2246 1129 2308 pc·

125 2323 198 2376 tras.
234 2311 418 2374 Xenocrates
434 2331 491 2374 non
506 2317 634 2375 sucinum
650 2323 758 2374 tantum
772 2313 898 2375 initalia
917 2332 1019 2375 verum
1040 2315 1126 2374 etiam
1137 2321 1172 2375 to

91 2422 116 2462 ae
126 2398 246 2476 tbqeum
261 2399 379 2475 vocari,
395 2396 539 2476 aScptbis
549 2417 622 2460 vero
639 2416 768 2475 sacrum,
783 2400 917 2476 quoniam
933 2407 963 2459 et
975 2398 1016 2457 ibi
1031 2414 1129 2457 nasca-

126 2493 191 2562 tur,
205 2483 281 2544 alios
297 2491 401 2562 putare
420 2483 449 2543 in
462 2481 593 2544 Numidia
608 2484 698 2561 gigni.
730 2499 819 2561 super
840 2483 931 2542 omnis
956 2490 1002 2542 est
1016 2480 1129 2560 Sopbo·

126 2567 190 2628 cles
200 2576 290 2646 poeta
299 2569 438 2644 tragicus,
452 2567 528 2646 quod
541 2567 675 2647 equidem
686 2568 786 2645 miror,
798 2585 860 2628 cum
873 2573 950 2626 tenta
960 2566 1088 2644 gravitas
1100 2565 1128 2624 ei

126 2652 262 2713 ootlrurni
277 2653 326 2730 sit,
337 2660 493 2731 praeterea
506 2653 583 2712 vitae
596 2652 682 2730 fame,
697 2651 768 2711 alias
784 2651 907 2730 principi
930 2650 998 2711 loco
1024 2648 1127 2722 genito

127 2735 271 2813 Athenis,
288 2743 318 2797 et
332 2735 421 2797 rebus
438 2737 533 2813 gestis
550 2745 580 2797 et
595 2738 728 2797 exercitu
744 2735 840 2797 ducto.
871 2735 918 2796 bic
932 2734 1008 2795 ultra
1022 2733 1129 2793 lndiam

91 2844 116 2887 ee
124 2821 192 2896 lieri
204 2819 302 2881 diuite
313 2820 438 2881 lacrimis
448 2819 654 2900 meleagridum
663 2823 757 2881 avium
763 2819 943 2898 Meleagrum
951 2817 1126 2880 dedentium.

126 2897 206 2985 quod
220 2904 382 2966 credidisse
398 2923 463 2965 eom
477 2912 525 2964 aut
541 2922 678 2984 sperasse
690 2904 756 2965 aliis
770 2904 940 2983 persuaderi
954 2920 1044 2982 posse
1060 2901 1124 2980 quis
1137 2909 1169 2963 41

124 3005 186 3050 non
195 2989 333 3067 miretur,
351 3007 472 3067 quamve
488 2991 642 3069 pueritiam
656 2998 711 3051 tam
728 2989 881 3068 inperitam
896 3005 987 3066 posse
1001 2985 1127 3064 reperiri

125 3091 203 3152 quae
226 3074 319 3134 avium
340 3073 470 3153 ploratus
492 3091 603 3134 annuos
619 3073 721 3135 credat
742 3072 913 3133 lacrimasve
928 3080 984 3131 tam
1000 3068 1127 3149 grandis,

130 3161 231 3222 uvisve
246 3177 321 3238 quae
336 3177 352 3220 a
373 3156 506 3234 Graecia,
516 3156 567 3218 ubi
573 3156 726 3237 lleleager
737 3159 837 3236 periit,
851 3156 994 3235 ploratum
1003 3154 1128 3215 adierint

1 3306 2 3312 ἵ
89 3269 117 3310 se
127 3239 239 3303 lndosi
254 3240 322 3320 quid
332 3238 427 3320 ergo?
443 3260 499 3302 non
510 3242 598 3302 multa
613 3261 706 3322 aeque
716 3240 850 3302 fabulosa
861 3241 987 3320 produnt
999 3233 1127 3319 poetae‘l

1 3357 2 3376 ι
129 3326 182 3388 sed
200 3326 260 3396 boc
280 3326 308 3386 in
331 3343 367 3387 ea
389 3345 517 3406 requae
539 3326 647 3387 cotidie
671 3327 822 3386 invehatur
842 3334 928 3404 atque
946 3323 1072 3386 abundet
1094 3338 1128 3380 ac

1 3395 2 3478 l
127 3410 306 3472 mendacium
326 3419 465 3490 coarguat
490 3411 570 3472 serio
592 3427 763 3490 quemquam
783 3411 893 3471 dixisse
915 3426 1022 3470 summa
1037 3406 1128 3467 'bomi-

1 3515 2 3562 ξ
126 3513 194 3556 num
207 3497 387 3574 contemptio
402 3504 449 3557 est
463 3505 495 3557 et
509 3494 690 3556 intoleranda
703 3494 916 3568 mendaciorum
930 3492 1084 3573 inpunitas.
