2510 3898
277 221 357 269 1111.
383 221 472 271 urso.
493 179 614 271 xxxur.
635 219 660 275 6.
676 219 700 276 7.
717 213 848 290 (7-11.)
1005 216 1064 276 115

57 375 229 456 scalpendis
247 385 335 456 atque
355 376 486 439 limandis
504 375 626 438 Naxium
647 379 695 441 diu
716 379 824 459 placuit
841 389 909 443 ante
927 381 992 445 alia.
1023 385 1063 444 ita

57 470 204 521 vocantur
215 470 299 522 cotes
314 465 343 522 in
357 459 455 542 Cypro
471 463 564 523 insula
579 466 707 540 genitae.
727 465 828 525 vicere
843 475 948 544 postea
962 486 1000 528 ex
1010 467 1067 529 Ar·

57 547 154 606 menia
169 555 282 606 vectae.

121 632 207 712 (11.)
228 629 401 692 Marmorum
420 651 529 710 genere
543 641 574 693 et
590 634 707 695 colores
724 652 783 695 nou
801 636 904 694 attinet
920 635 1019 697 dicere
1036 639 1065 697 in

41 723 135 776 etanta
152 717 274 794 notitia,
295 735 350 777 nec
371 716 456 778 facile
480 725 526 778 111
551 736 721 780 enumerare
735 721 765 780 io
781 727 859 778 tauta
874 719 1064 781 multitudine.

59 808 150 878 quoto
170 802 276 880 cuique
291 801 447 862 enimlooo
463 820 522 862 non
539 821 622 862 suum
636 821 760 864 marmor
778 801 944 864 iuvenitur?
980 814 1011 866 11
1026 814 1066 866 ta·
1128 819 1136 830 ·

58 903 122 944 meu
138 884 328 946 celeberrimi
350 888 470 964 generis
491 886 567 948 dicta
589 889 699 948 suntin
714 889 821 948 ambitu
838 897 981 950 terrarum
1003 908 1066 951 cum

58 970 197 1048 gentibus
220 971 289 1031 suis,
327 989 385 1032 non
407 974 502 1032 omnia
529 980 625 1032 autem
651 975 680 1032 in
709 973 872 1052 lapicidinis
894 977 1062 1052 gignuntur,
1074 986 1109 1040 56

58 1055 109 1115 sed
124 1055 216 1115 multa
234 1063 264 1116 11
279 1056 332 1116 sub
347 1064 426 1117 terra
439 1075 557 1136 sparsa,
578 1059 784 1137 pretiosissimi
804 1058 919 1136 quidem
933 1061 1065 1138 generis,

32 1141 133 1200 usicut
164 1138 425 1201 Lacedaemonium
449 1141 543 1202 viride
569 1145 740 1222 cunctisque
765 1141 904 1222 hilarius,
932 1145 1007 1204 sicut
1037 1152 1068 1204 et

58 1225 244 1303 Augusteum
265 1243 298 1286 ac
319 1226 424 1287 deiude
441 1225 597 1288 Tibereum
618 1230 649 1287 in
667 1227 808 1308 Aegypto
824 1228 950 1306 Augusti
970 1247 1003 1289 ao
1020 1227 1067 1288 Ti·

57 1310 121 1372 beri
145 1311 269 1388 primum
290 1312 452 1389 principatu
473 1321 601 1392 reperta.
651 1311 816 1374 differentia
839 1331 939 1373 eorum
963 1322 1009 1373 est
1030 1312 1066 1373 ab

58 1395 180 1474 ophite,
195 1413 260 1455 cum
276 1397 314 1455 sit
330 1395 400 1456 illud
418 1399 598 1476 serpentium
612 1396 732 1458 maculis
751 1398 865 1474 simile,
881 1396 957 1458 unde
973 1406 1004 1458 et
1016 1415 1068 1458 no·

57 1499 123 1542 men
147 1481 280 1559 accepit,
304 1480 382 1559 quod
407 1481 481 1542 haec
504 1481 630 1543 maculas
652 1481 771 1542 diverso
800 1482 886 1542 modo
913 1481 1067 1560 colligunt,

6 1563 8 1574 '
32 1565 244 1644 sangusteun
267 1565 393 1626 undatim
413 1569 539 1646 crispum
562 1569 592 1626 iu
609 1569 756 1643 vertices,
779 1564 936 1628 'liberaum
953 1584 1066 1646 sparsa,

58 1669 115 1710 non
131 1650 293 1712 convoluta
308 1653 423 1712 canitie.
445 1650 548 1730 Neque
562 1670 601 1711 ex
613 1652 714 1731 ophite
724 1652 875 1712 columnae
888 1653 943 1711 uisi
956 1668 1063 1730 parvae
1075 1661 1110 1716 16

58 1735 210 1796 admodum
226 1737 422 1797 inueniuntur.
443 1736 500 1797 duo
513 1739 576 1796 eius
589 1755 716 1815 genera:
733 1736 823 1797 molle
839 1737 962 1814 candidi,
980 1737 1068 1814 nigri-

58 1838 125 1880 cans
149 1819 224 1891 duri.
261 1819 393 1880 dicuntur
415 1820 499 1881 ambo
521 1823 625 1899 cepitis
647 1820 767 1882 dolores
791 1821 897 1882 sedare
919 1820 1068 1899 adalligati

59 1913 89 1966 et
103 1906 287 1984 serpentium
302 1907 385 1966 ictus.
423 1905 536 1984 quidam
559 1906 738 1984 phreneticis
756 1925 790 1966 ec
804 1906 974 1984 lethargicis
992 1905 1068 1967 adal-

31 1989 143 2067 oligari
152 1989 256 2050 iubent
266 1989 471 2052 candicantem.
489 1999 591 2052 contra
603 1993 751 2070 serpentis
761 2001 856 2052 antem
868 2010 884 2051 a
897 1989 1068 2070 quibusdam

59 2075 219 2155 praecipue
237 2074 368 2134 laudatur
385 2095 424 2136 ex
439 2077 475 2136 iis
491 2094 577 2155 quem
599 2076 734 2156 tephrian
754 2076 904 2155 appellant
927 2095 943 2136 a
965 2074 1068 2136 colore

59 2161 177 2221 cineris.
222 2157 356 2219 Vocatur
370 2169 400 2220 11
414 2158 591 2240 Memphites
611 2180 626 2220 a
642 2161 727 2238 loco,
749 2163 921 2238 gemmantia
937 2169 1066 2220 naturae.

59 2243 143 2305 huius
167 2263 239 2304 usus
262 2246 377 2304 conteri
401 2254 430 2305 et
450 2247 486 2306 iis
511 2263 585 2325 quae
611 2245 720 2306 urenda
740 2248 798 2305 sint
818 2254 867 2306 aut
888 2244 1013 2305 secanda
1030 2263 1070 2304 ex

60 2338 145 2390 aceto
170 2329 264 2389 inlini.
307 2328 493 2408 obstupescit
516 2333 556 2391 ita
576 2348 685 2410 corpus
707 2348 764 2392 nec
785 2331 875 2391 sentit
901 2331 1067 2391 cruciatum.

32 2413 158 2476 ellubet
178 2414 369 2494 porphyrites
387 2417 418 2474 iu
441 2415 542 2476 eadem
557 2415 715 2494 Aegypto,
751 2433 790 2475 ex
810 2412 915 2474 eodem
936 2413 1064 2475 candidis
1076 2423 1109 2479 57

61 2499 326 2560 intervenientibus
347 2503 459 2579 punctis
482 2500 698 2580 leptopsephos
713 2507 845 2562 vocatur.
878 2498 1067 2578 quantislibet

62 2584 185 2645 molibus
194 2584 351 2646 caedendis
364 2585 509 2646 sufficiunt
523 2584 705 2664 lapicidinae.
724 2593 834 2646 statuas
847 2602 887 2645 ex
899 2602 936 2644 eo
946 2581 1066 2644 Claudio

64 2665 180 2731 Caesari
197 2677 374 2748 procurator
391 2671 454 2731 eius
479 2672 508 2730 in
533 2669 635 2730 urbem
658 2688 696 2730 ex
714 2670 855 2749 Aegypto
876 2668 994 2730 advexit
1017 2668 1068 2729 Vi·

62 2757 165 2816 trasius
183 2753 288 2832 Polio,
309 2772 368 2815 non
392 2755 543 2816 adrnodum
564 2754 688 2834 probata
708 2757 848 2816 novitate.
882 2771 968 2815 uemo
985 2763 1069 2814 certe

33 2849 164 2918 inpostea
179 2840 308 2900 imitatus
328 2848 382 2900 est.
432 2839 547 2900 Invenit
567 2839 670 2900 eadem
686 2841 841 2919 Aegyptus
858 2842 888 2899 iu
904 2838 1065 2916 Aethiopia
1077 2849 1112 2904 58

60 2943 144 3004 quem
159 2933 268 2986 vocant
283 2925 453 3003 basaniten‚
478 2925 569 2986 lerrei
591 2923 701 2986 coloris
725 2933 813 3004 atque
831 2923 973 2999 duritiae,
991 2923 1068 2982 unde

61 3018 89 3070 et
103 3028 212 3072 nomeu
230 3011 257 3070 ei
273 3009 361 3072 dedit.
393 3027 544 3089 numquam
557 3009 605 3070 hic
618 3011 711 3071 maior
725 3017 863 3088 repertus
880 3015 926 3068 est
942 3025 1026 3086 quam
1039 3009 1069 3068 in

60 3095 171 3176 templo
187 3093 272 3156 Pacis
290 3095 327 3156 ab
347 3098 526 3174 imperatore
543 3092 728 3173 Vespasiano
743 3093 880 3170 Augusto
898 3091 1009 3152 dicatus
1025 3111 1069 3152 ar·

59 3190 200 3258 gumento
215 3177 292 3259 Nili,
311 3180 440 3242 sedecim
454 3178 558 3241 liberis
573 3180 650 3240 circa
667 3176 834 3240 ludentibus
850 3196 905 3256 per
922 3195 996 3256 quos
1012 3185 1069 3238 tot·

32 3266 138 3329 sidero
157 3266 257 3326 cubita
272 3267 373 3327 summi
397 3266 568 3326 incrementi
585 3265 720 3342 augentis
737 3283 771 3324 se
787 3264 877 3322 amnis
893 3261 1068 3340 intellegun-

59 3360 115 3416 tur.
147 3369 207 3412 uon
222 3350 364 3412 absimilis
379 3350 422 3411 illi
436 3358 569 3411 narratur
583 3351 613 3409 in
627 3347 737 3410 Thebis
755 3346 878 3408 delubro
895 3345 1026 3425 Serapis,
1038 3355 1069 3405 ut

59 3445 173 3515 putent,
188 3434 353 3498 Memnonis
369 3445 482 3498 statuae
500 3435 629 3514 dicatus,
647 3452 731 3515 quem
747 3431 895 3494 cotidiano
914 3431 986 3494 solis
1003 3438 1070 3490 ortu

61 3530 226 3584 contactum
244 3521 332 3584 radiis
347 3511 471 3602 crepare
486 3519 611 3582 tradunt.
866 3599 908 3662 8*
