2468 3896
310 203 390 252 nau.
411 203 503 252 rursu.
522 203 628 252 xxxv.
648 201 673 256 a.
692 200 717 253 a.
739 187 871 271 (6-—10.)
1024 175 1025 178 '
1056 193 1094 252 71

156 357 217 445 (8.)
238 357 358 420 Tabulis
374 366 469 420 autem
485 358 615 420 externis
630 360 833 419 auctoritatem
847 356 958 420 Romae
975 359 1092 438 publice
1104 369 1140 424 aa

87 449 161 511 iecit
176 447 287 526 primus
308 445 432 504 omnium
443 441 548 504 Lucius
564 441 714 503 blummius
735 445 781 503 cui
798 460 962 521 cognomen
975 444 1095 505 Achaici

87 531 215 592 victoria
233 528 321 589 dedit.
354 545 476 606 namque
492 545 556 588 cum
574 529 603 588 in
618 528 726 606 praeda
744 527 895 589 vendenda
910 546 964 588 rex
978 527 1094 588 Attalus

88 617 149 678 Χῐι
164 616 288 674 emisset
305 612 429 674 tabulam
446 612 603 691 Aristidis,
617 610 753 672 biberum
768 620 891 692 patrem,
906 614 1032 692 pretium
1045 614 1097 673 mi·

68 709 169 765 aratus
187 694 412 777 suspicatusque
428 696 535 775 aliquid
550 699 580 756 in
595 714 631 758 ea
645 697 759 758 virtutis
781 696 859 775 quod
874 700 939 776 ipse
955 699 1095 776 nesciret,

88 785 245 847 revocavit
267 781 394 842 tabulam
409 781 510 842 Attalo
525 780 643 842 muitum
658 791 801 860 querente
817 783 891 841 etin
909 778 1029 842 Cereris
1047 780 1096 841 de-

89 869 176 930 lubro
196 867 314 946 posuit,
337 883 420 944 quam
439 867 557 944 primam
573 865 701 926 arbitror
716 867 855 945 picturam
870 874 1019 926 externam
1037 864 1096 925 Ro·

88 973 153 1014 mae
180 951 367 1031 publicatam.
413 950 526 1012 Deinde
543 949 631 1011 video
657 958 687 1010 et
714 952 743 1011 in
768 951 835 1011 ioro
858 952 969 1030 positas
994 950 1094 1028 volgo.

90 1039 156 1099 irinc
179 1038 257 1098 enim
279 1036 331 1096 ille
351 1033 449 1096 Crassi
467 1036 594 1096 oratoris
614 1034 699 1113 lepos
716 1036 830 1113 agentis
848 1036 900 1095 sub
920 1034 1092 1111 Veteribus,
1104 1045 1138 1098 25

60 1141 154 1190 uocum
166 1123 256 1182 testis
267 1119 451 1200 conpellatus
465 1121 607 1181 instaret:
625 1118 670 1179 dic
687 1137 772 1197 ergo,
786 1116 904 1197 Crasse,
921 1119 1034 1197 qualem
1049 1138 1095 1180 me

90 1204 195 1267 noris?
226 1205 330 1283 talem,
354 1206 463 1283 inquit,
486 1204 644 1267 ostendens
662 1206 692 1264 in
712 1204 809 1265 tabula
832 1206 940 1283 pictum
960 1204 1097 1265 inficetis·

91 1293 164 1352 sime
178 1288 291 1350 Callum
303 1298 491 1352 exserentem
503 1289 636 1368 linguam.
669 1291 698 1348 in
712 1290 778 1352 loro
794 1289 848 1349 iuit
859 1297 889 1350 et
905 1288 954 1348 illa
968 1289 1095 1367 pastoris

91 1377 172 1437 senis
192 1393 257 1434 curn
271 1372 393 1450 baculo,
415 1373 452 1435 de
471 1393 527 1454 qua
542 1373 741 1434 Teutonorum
755 1372 869 1451 legatus
886 1372 1040 1452 respondit
1055 1373 1097 1431 in·

91 1467 281 1536 terrogatus,
296 1457 432 1537 quantine
448 1477 513 1518 eum
528 1459 710 1534 aestimaret,
726 1457 782 1517 sibi
797 1457 899 1519 donari
915 1456 994 1517 nolle
1010 1456 1097 1517 talem

63 1547 372 1621 asrivomverumque.

156 1629 218 1710 (9.)
243 1627 301 1688 Sed
324 1629 509 1706 praecipuam
531 1629 733 1688 auctoritatem
751 1626 868 1706 publice
893 1625 998 1686 tabulis
1021 1625 1139 1692 locitas

93 1713 205 1774 Caesar
223 1713 350 1774 dictator
364 1712 455 1772 Aiace
474 1720 505 1772 et
523 1709 618 1772 bledla
633 1720 701 1773 ante
717 1710 845 1772 Veneris
866 1709 1031 1772 Genetricis
1049 1727 1097 1770 ae-

92 1799 157 1860 dem
185 1796 307 1872 dicatis,
335 1805 404 1875 post
429 1814 494 1856 eum
517 1794 555 1856 M.
571 1795 704 1876 Agrippa
730 1798 775 1857 vir
794 1796 949 1857 rusticitati
974 1796 1098 1874 propior

92 1901 178 1963 quana
192 1880 317 1943 deliciis.
353 1888 448 1942 exstat
464 1889 546 1940 certe
562 1882 625 1941 eius
641 1883 736 1942 oratio
751 1881 902 1959 magnilica
918 1888 948 1940 et
965 1895 1096 1939 maxumo

65 1969 199 2030 accivinm
216 1965 303 2044 digna
321 1965 357 2026 de
373 1964 477 2026 tabulis
495 1966 628 2026 omnibus
643 1968 794 2046 signisque
811 1963 1004 2044 publicandis,
1020 1961 1097 2042 quod

93 2053 156 2113 lieri
186 2053 278 2112 satius
305 2050 410 2110 inisset
434 2067 517 2128 quarn
543 2051 572 2109 in
590 2049 720 2111 villarum
744 2050 848 2111 exsilia
870 2049 949 2129 pelli.
997 2064 1097 2108 verum

93 2137 196 2198 eadem
218 2134 268 2196 illa
288 2135 409 2195 torvitas
431 2133 543 2194 tabulas
564 2133 634 2195 duas
656 2135 755 2196 Aiacis
777 2143 808 2196 et
824 2134 951 2196 Veneris
971 2139 1097 2192 mercata

94 2231 139 2284 est
155 2239 173 2281 a
190 2217 345 2296 Cyzicenis
363 2214 510 2302 HS.1{1''11
545 2220 575 2278 in
587 2217 772 2280 Thermarum
790 2236 907 2298 quoque
923 2216 1097 2278 calidissima

93 2314 177 2386 parte
191 2303 383 2364 marmoribus
398 2302 558 2364 incluserat
571 2320 675 2381 paruas
692 2302 815 2363 tabellas
833 2300 918 2380 paulo
935 2310 1018 2376 ante,
1034 2318 1096 2359 cum

68 2391 311 2464 aereticerentur,
327 2387 463 2448 sublatas.

3 2523 4 2544 Ξ
157 2474 241 2554 (10.)
262 2471 358 2550 Super
380 2473 471 2534 omnis
492 2472 576 2533 divos
592 2471 741 2549 Augustus
762 2473 791 2531 in
806 2471 874 2531 ioro
891 2485 944 2528 suo
961 2466 1094 2528 celeber·
1106 2475 1139 2531 at

3 2552 5 2644 ᾖ
93 2562 165 2621 mma
185 2561 217 2618 in
234 2559 432 2636 parteposuit
456 2555 568 2616 tabulas
590 2556 660 2617 duas
682 2572 755 2633 quae
777 2555 851 2616 Belli
869 2554 972 2615 facicm
993 2553 1099 2631 pictam

3 2645 5 2718 l
93 2644 204 2706 habent
219 2652 250 2702 et
267 2640 459 2719 Triumphum.
487 2640 564 2701 idem
576 2638 715 2702 Castores
733 2657 767 2701 ac
778 2639 937 2700 Victoriam
952 2637 1051 2716 posuit
1068 2643 1098 2695 et

3 2721 5 2802 l
94 2746 164 2808 quas
180 2727 310 2788 dicemus
326 2725 379 2788 sub
395 2725 533 2785 artificum
551 2726 699 2786 mentione
721 2723 874 2803 intemplo
893 2719 1028 2783 Caesaris
1045 2738 1094 2799 pa·
1106 2737 1128 2773 οι

3 2813 4 2816 ’
65 2816 156 2878 antris.
191 2810 270 2872 idem
283 2811 403 2870 incuria
417 2827 533 2888 quoque
546 2811 669 2887 quamin
687 2810 804 2869 conuitio
821 2806 1013 2869 consecrabat
1029 2804 1097 2865 duas

96 2896 209 2958 tabulas
226 2895 367 2974 inpressit
387 2896 509 2973 parieti,
542 2893 673 2955 Nemean
695 2893 846 2954 sedentem
868 2907 955 2970 supra
982 2888 1099 2949 leonem

3 3009 5 3028 u
96 2981 284 3061 palmigeram
301 2981 391 3058 ipsam
406 2978 538 3038 adstante
554 2996 617 3038 cum
633 2977 738 3038 baculo
757 2996 829 3038 sene
845 2977 927 3036 cuius
949 2991 1037 3052 supra
1054 2989 1099 3032 ca-

97 3074 148 3144 put
171 3063 271 3126 tabula
303 3064 390 3142 bigae
418 3062 573 3141 dependet.
621 3061 718 3122 Nicias
744 3063 863 3140 scripsit
886 3079 918 3121 se
945 3059 1099 3133 inussisse,

100 3150 147 3210 tali
170 3150 250 3210 enim
279 3167 346 3208 usus
369 3156 415 3208 est
442 3146 544 3207 verbo.
595 3146 714 3208 alterius
739 3145 855 3208 tabulae
877 3144 1028 3206 admiratio
1051 3147 1142 3202 estas

72 3234 241 3313 aspuberem
255 3232 343 3293 lilium
355 3234 419 3292 seni
434 3233 510 3309 patri
526 3230 648 3290 similem
663 3249 730 3291 esse
747 3231 851 3291 aetatis
867 3229 947 3292 salva
962 3228 1099 3289 differen-

102 3319 138 3378 tia
156 3316 365 3397 supervolante
377 3315 473 3394 aquila
485 3315 640 3376 draconem
654 3315 807 3393 conplexa.
841 3313 1032 3374 Philochares
1044 3309 1100 3369 hoc

104 3421 181 3462 suum
198 3419 271 3480 opus
292 3420 362 3462 esse
379 3408 502 3462 testatus
521 3409 575 3460 est.
611 3401 758 3475 inmensa,
784 3397 832 3460 vel
852 3415 934 3459 unam
950 3398 975 3457 si
993 3401 1100 3454 tanturn

3 3509 5 3572 t
105 3485 172 3547 hanc
194 3485 319 3546 tabulam
339 3485 441 3564 aliquis
465 3485 616 3562 aestimet,
634 3484 766 3562 potentia
785 3483 873 3559 artis,
897 3499 960 3542 cum
976 3482 1101 3556 propter
