2510 3898
302 267 381 314 sur.
402 265 491 314 msa.
508 255 907 333 xxxvr1.3-s.(13-1o.)
1044 257 1102 319 153

1 446 2 512 ,
100 429 219 502 potest,
248 421 325 501 quod
347 430 377 484 ct
402 420 511 502 Cyprio
535 423 650 498 evenit,
673 421 863 502 breviterque
885 431 915 481 ut
936 422 1103 503 degeneres

100 507 224 567 nominis
259 514 367 566 tantum
399 507 599 568 auctoritatem
633 506 749 568 habent.
802 505 886 567 Nunc
922 508 999 586 quod
1030 511 1145 576 totisso

99 590 295 652 voluminibus
324 591 369 650 his
398 591 507 652 docere
541 592 636 652 conati
670 609 783 668 sumus,
815 590 852 652 de
882 591 1027 653 discordia
1057 612 1103 654 re·

100 694 163 735 rum
193 675 408 754 concordiaque
449 693 531 755 quarn
561 675 737 754 antipathian
767 673 870 736 Graeci
896 692 1042 738 vocavere
1070 696 1104 738 ac

1 828 3 833 ‚
79 758 298 838 ssympathian,
328 776 386 819 nou
412 759 500 820 aliter
524 758 629 820 clarius
656 758 788 837 intellegi
815 767 930 838 potest,
961 761 1103 839 siquidem

99 843 149 904 illa
170 845 279 910 invicta
299 845 343 903 vis
359 843 476 904 duarum
491 844 767 904 violentissimarum
782 853 900 905 naturae
916 863 1012 906 rerum
1030 846 1101 906 ferri

99 920 267 1006 igniumque
293 930 488 1007 contemptrix
512 927 622 988 hircino
650 931 790 1007 rumpitur
815 930 974 1007 sanguine,
1005 947 1102 1007 neque

1 1035 3 1048 ³
99 1012 187 1074 aliter
211 1029 294 1090 quam
308 1015 423 1074 recenti
439 1011 591 1091 calidoque
606 1021 749 1074 macerata
766 1020 796 1072 et
812 1013 854 1073 sic
872 1031 988 1092 quoque
1005 1011 1102 1074 multis

99 1096 225 1174 ictibus,
242 1105 309 1158 tunc
325 1097 411 1158 etiam
425 1105 629 1176 praeterquam
646 1097 766 1157 eximias
781 1097 900 1158 incudes
920 1097 1102 1176 malleosque

66 1181 217 1242 roierreos
236 1181 382 1259 irangens.
416 1182 497 1241 cuius
521 1179 578 1241 hoc
593 1182 711 1240 invento
733 1199 831 1260 quove
852 1200 921 1243 casu
940 1191 1146 1261 repertum,oo

98 1273 148 1325 aut
173 1283 247 1344 quae
273 1266 326 1326 luit
348 1265 516 1326 coniectura
537 1264 708 1344 experiendi
735 1284 796 1326 rem
821 1267 943 1326 inmensi
965 1268 1043 1345 preti
1073 1269 1102 1328 in

98 1345 271 1414 foedissimo
297 1345 479 1411 animalium?
506 1351 645 1409 numinum
668 1350 804 1427 proiecto
826 1353 953 1410 muneris
976 1351 1040 1410 talis
1061 1351 1102 1410 in·

1 1456 2 1502 3
98 1435 201 1495 sentio
226 1443 287 1512 est,
313 1453 368 1494 nec
390 1433 554 1512 quaerenda
568 1435 643 1493 ratio
667 1433 773 1494 inulla
796 1442 878 1512 parte
898 1442 1030 1512 naturae,
1049 1434 1102 1495 sed

1 1515 2 1522 '
98 1517 251 1580 voluntas!
276 1537 338 1579 cum
351 1518 478 1579 feliciter
494 1520 617 1595 contigit
633 1535 780 1597 rumpere,
795 1521 824 1577 in
840 1527 896 1578 tam
917 1536 1021 1597 parvas
1036 1520 1103 1579 iria·

68 1612 146 1664 ntur
161 1611 274 1664 crustas
297 1612 328 1662 ut
343 1605 422 1663 cerni
446 1604 496 1662 vix
510 1603 633 1682 possint.
673 1610 848 1680 expetuntur
869 1601 924 1662 hae
950 1603 1103 1682 scalptori-

1 1715 2 1721 1
98 1687 154 1748 bus
170 1689 310 1766 ferroque
322 1687 504 1747 includuntur
520 1686 625 1746 nullam
638 1703 696 1746 non
708 1687 840 1747 duritiam
852 1705 891 1749 ex
902 1686 979 1747 facili
998 1704 1102 1748 caran·

7 1838 13 1857 ,
98 1781 154 1832 tes.
182 1771 307 1832 Adamas
322 1770 445 1832 dissidet
457 1790 520 1832 cum
536 1779 671 1850 magnete
682 1772 712 1832 in
725 1780 832 1831 tantum
843 1781 873 1831 ut
889 1773 968 1832 iuxta
984 1773 1099 1850 positus
1110 1785 1144 1840 61

1 1844 2 1882 ¹
98 1856 209 1918 ferrum
232 1873 290 1916 non
311 1858 437 1935 patiatur
460 1855 588 1916 abstrahi
614 1864 678 1933 aut,
705 1857 730 1916 si
755 1857 886 1917 admotus
909 1873 1028 1933 magnes
1056 1857 1103 1917 ad·

98 1939 310 2021 prehenderit,
332 1941 426 2019 rapiat
445 1949 533 2020 atque
548 1941 670 2001 auferat.
708 1941 821 2002 adamas
838 1949 869 2002 et
886 1959 998 2001 venena
1014 1942 1103 2002 vincit

67 2033 187 2104 roatque
203 2026 289 2085 inrita
304 2025 373 2086 lacit
389 2033 419 2086 et
437 2023 649 2104 lymphationes
665 2026 756 2103 abigit
775 2034 928 2103 metusque
944 2041 1036 2085 vanos
1052 2044 1102 2086 ex·

98 2109 185 2190 pellit
202 2117 340 2171 amente.
375 2110 413 2170 ob
431 2108 460 2169 id
475 2109 588 2188 quidam
605 2128 670 2169 eum
688 2111 839 2170 ananciten
857 2127 1012 2170 vocavere.
1042 2107 1103 2170 Me-

98 2193 239 2254 trodorus
252 2193 391 2274 Scepsius
408 2195 437 2255 irr
454 2193 554 2254 eadem
570 2192 722 2254 Germania
733 2193 840 2254 Basilia
857 2192 950 2253 insula
968 2195 1060 2271 nasci,
1072 2196 1102 2254 in

99 2297 155 2358 qua
173 2287 203 2338 et
221 2281 361 2357 sucinum,
378 2278 470 2356 solus,
486 2278 563 2357 quod
580 2278 715 2357 equidem
731 2278 865 2356 legerim,
881 2278 951 2338 dicit
970 2286 999 2338 et
1019 2297 1103 2358 prae·

98 2364 158 2424 fert
173 2363 318 2424 Arabicis.
347 2363 425 2442 quod
440 2362 542 2423 falsum
556 2382 625 2423 esse
642 2365 705 2440 quis
722 2359 854 2422 dubitet?

66 2468 89 2510 rc
162 2444 246 2532 (16.)
263 2445 437 2508 Proxumum
456 2447 531 2525 apud
553 2465 607 2507 nos
623 2445 728 2508 indicis
744 2446 938 2525 Arabicisque
964 2449 1145 2526 mergam-62

100 2535 135 2592 tis
147 2534 275 2612 pretium
288 2540 349 2610 est,
366 2530 402 2591 de
421 2531 524 2610 quibus
541 2533 570 2591 in
585 2549 663 2590 norro
680 2532 801 2593 diximus
818 2530 964 2591 volumine
982 2531 1059 2591 inter
1074 2553 1093 2592 r.
1110 2552 1144 2586 rer

75 2684 78 2692 ,
98 2637 148 2678 res
167 2619 301 2677 marinas.

160 2703 188 2762 5.
206 2699 305 2762 Tertia
317 2703 475 2761 auctoritas
488 2700 647 2778 zmaragdis
660 2699 832 2779 perhibetur
844 2699 975 2779 pluribus
989 2700 1025 2762 de
1038 2718 1103 2760 cau·

99 2787 151 2864 sis,
160 2789 269 2866 quippe
281 2784 387 2845 nullius
401 2785 510 2845 coloris
523 2784 677 2863 adspectus
689 2783 841 2844 iucundior
851 2793 906 2848 est.
921 2804 985 2844 nam
996 2783 1102 2845 herhas

67 2886 217 2950 toquoque
235 2870 349 2932 silentis
365 2869 536 2946 frondisque
554 2869 638 2929 avide
653 2877 828 2947 spectamus,
841 2867 1010 2946 zmaragdos
1028 2885 1101 2928 vero

99 2963 180 3016 tauto
201 2954 358 3032 libentius,
390 2955 523 3034 quoniam
544 2952 613 3012 nihil
636 2954 751 3013 omnino
775 2952 895 3014 viridius
916 2961 1103 3029 conparatum

99 3038 157 3100 illis
174 3041 262 3100 viret.
289 3048 446 3118 praeterea
462 3035 518 3098 soli
535 3054 710 3114 gemmarum
725 3039 855 3097 contuitu
871 3036 983 3114 inplent
998 3035 1099 3098 oculos
1111 3046 1144 3102 63

99 3143 154 3184 nec
176 3127 291 3184 satiant.
332 3125 400 3202 quin
424 3131 454 3182 et
478 3121 513 3180 ab
535 3123 698 3182 intentione
722 3121 776 3181 alia
796 3121 935 3200 adspectu
958 3121 1101 3198 zmaragdi

100 3217 252 3269 recreatur
274 3209 372 3283 acies,
401 3204 658 3285 scalpentibusque
682 3224 809 3284 gemmas
831 3204 964 3265 nonalia
990 3209 1103 3284 gratior

69 3311 91 3352 as
102 3293 252 3354 oculorum
264 3292 392 3353 reiectio
407 3300 453 3352 est
464 3293 493 3350 in
507 3290 592 3350 viridi
610 3289 731 3350 lenitate
752 3289 951 3350 lassitudinem
962 3291 1101 3351 mulcens.

101 3386 257 3455 praeterea
279 3377 439 3456 longinquo
460 3374 670 3453 amplificantur
690 3377 754 3434 risu
782 3374 946 3436 inlicientes
969 3375 1046 3434 circa
1069 3393 1102 3434 se

100 3480 306 3541 repercussum
320 3479 409 3538 aera,
424 3477 481 3519 non
498 3458 561 3519 sole
579 3459 695 3536 mutati,
715 3476 773 3519 non
791 3459 907 3536 umbra,
932 3475 990 3517 non
1010 3457 1103 3518 lucer·

99 3548 161 3624 nis,
182 3563 358 3625 semperque
382 3546 489 3606 sensim
511 3542 657 3603 radiantes
680 3552 711 3603 et
728 3545 821 3603 visum
845 3542 1048 3619 admittentes,
1068 3538 1103 3599 ad
