2468 3896
144 227 183 288 30
216 205 218 210 ’
490 237 520 286 5.
536 239 633 285 surm
647 237 795 289 suounur

144 396 242 473 pisse,
256 411 324 454 mox
339 393 463 455 additum
479 403 630 472 argentum
650 395 679 453 in
695 393 817 470 angulos
838 393 981 471 liniasque
997 409 1052 471 per
1066 409 1154 453 com-

143 481 298 556 missuras,
323 487 455 558 tympana
471 496 544 538 vero
561 497 594 538 se
611 480 717 538 iuvene
733 477 897 556 appellata,
916 484 1005 536 tuma
1024 479 1153 538 stateris

144 572 175 624 et
190 563 298 640 lancis,
315 579 385 640 quas
401 564 509 641 antiqui
525 563 653 640 magides
673 569 858 622 vocaverant.

101 655 151 711 117
227 647 309 726 (53.)
331 645 394 707 Ν55
409 649 494 726 copia
507 649 621 724 argenti
645 654 752 706 tantum
773 647 842 706 iurit
858 647 930 723 vita,
952 646 1005 707 scd
1030 645 1152 708 valdius

142 749 237 810 paeuc
252 734 450 810 manipretiis,
474 731 563 810 idque
578 733 632 791 iam
650 730 779 810 pridem,
801 740 832 790 ut
847 733 1030 808 ignoscamus
1047 731 1182 794 nobiss

142 815 305 895 Delphines
321 817 416 893 quinis
433 816 570 896 [milibus]
584 817 730 876 sestertiis
744 818 773 874 in
785 815 874 875 libras
885 823 999 894 emptos
1012 813 1044 875 G.
1057 814 1153 876 Grac-

143 900 212 960 chus
228 900 343 976 habuit,
363 899 467 960 Lucius
485 917 558 961 vero
578 897 701 961 Crassus
714 908 814 960 orator
830 900 903 959 duos
919 898 1048 977 scyphos
1062 898 1151 960 blen-

143 986 217 1044 toris
243 985 363 1044 artificis
386 1003 469 1045 manu
494 984 624 1046 caelatos
643 985 791 1045 sestertiis
813 981 845 1044 C.
867 985 1033 1044 confessum
1049 991 1152 1044 tamen

143 1077 189 1129 est
208 1087 360 1148 numquam
381 1071 418 1129 iis
438 1071 480 1128 uti
498 1078 622 1148 propter
637 1069 840 1130 verecundiam
854 1085 970 1144 ausum,
985 1069 1061 1128 sicut
1074 1087 1151 1129 eun-

104 1151 300 1218 1111115111ΗὸΙ
316 1154 360 1220 ἦ
378 1155 407 1213 in
425 1153 553 1232 singulas
575 1153 665 1214 libras
686 1171 754 1212 vasa
772 1161 868 1232 empta
887 1152 1034 1213 habuisse.
1071 1153 1196 1220 Asiam

141 1239 263 1315 primum
284 1237 399 1300 devicta
421 1237 561 1297 luxuriam
583 1239 661 1298 misit
684 1239 713 1296 in
728 1236 856 1313 ltaliam,
880 1237 1023 1315 siquidem
1038 1236 1149 1297 Lucius

142 1321 242 1401 Scipio
262 1325 291 1382 in
310 1321 454 1401 triumpho
477 1323 624 1382 transtulit
649 1323 762 1399 argenti
778 1321 883 1382 caelati
899 1321 996 1400 pondo
1012 1319 1149 1382 MGCCG

143 1415 173 1466 et
194 1424 331 1467 vasorum
351 1425 505 1468 aureorum
536 1407 633 1486 pondo
654 1405 726 1483 llll),
755 1416 784 1466 at
810 1404 911 1466 eadem
937 1405 1009 1466 Asia
1038 1406 1149 1467 donata

142 1491 232 1552 multo
252 1493 339 1552 ctiam
354 1493 473 1569 gravius
489 1490 599 1552 addixit
614 1509 730 1568 mores,
753 1490 941 1568 inutiliorque
956 1491 1078 1551 victoria
1094 1491 1149 1551 illa

102 1585 151 1641 149
165 1575 313 1636 hereditas
328 1575 429 1636 Attalo
447 1594 520 1653 rege
536 1585 651 1637 mortuo
666 1576 729 1636 luit.
770 1584 827 1635 tum
849 1577 924 1635 enim
939 1574 1012 1636 haec
1029 1575 1147 1636 emendi
1161 1595 1192 1637 ro

141 1659 252 1720 Romae
268 1662 298 1720 iu
312 1661 495 1720 auctionibus
518 1662 610 1737 regiis
632 1660 807 1720 verecundia
824 1668 959 1739 exempta
983 1669 1028 1720 est
1050 1660 1149 1739 {urbis

143 1761 217 1803 anno
234 1746 453 1804 sexcentesimo
469 1745 614 1822 vigesimo
631 1744 791 1824 secundol,
813 1744 915 1804 mediis
936 1746 1149 1824 quinquaginta

143 1837 257 1906 septem
280 1829 363 1889 anuis
386 1829 498 1888 erudita
521 1831 639 1890 civitate
662 1847 758 1891 amare
773 1831 879 1907 ctiam,
904 1847 962 1889 non
986 1830 1079 1890 solum
1096 1830 1148 1891 ad-

142 1913 238 1972 mirari
254 1911 431 1992 opulentiam
446 1921 613 1991 externam,
636 1915 768 1975 inmenso
790 1923 820 1974 et
837 1913 983 1974 Achaicae
1000 1915 1146 1976 victoriae

141 2006 287 2058 momento
310 1998 345 2058 ad
365 1997 549 2077 inpellendos
572 2017 688 2077 mores,
713 2016 786 2077 quae
809 2000 918 2076 etipsa
937 1998 1190 2061 inhocintor·2o

141 2080 219 2141 vallo
235 2100 309 2142 anno
332 2083 412 2142 urbis
427 2085 644 2144 sexcentesimo
665 2091 769 2143 octavo
787 2090 869 2162 parta
884 2084 966 2161 signa
983 2092 1014 2144 et
1029 2083 1144 2145 tabulas

100 2178 151 2231 155
163 2168 254 2244 pictas
272 2169 400 2244 invexit,
417 2185 453 2229 ne
469 2167 538 2246 quid
552 2168 688 2246 deesset,
704 2169 871 2246 pariterque
887 2168 1000 2228 luxuria
1015 2176 1081 2229 nata
1097 2178 1145 2229 est

143 2259 173 2310 ct
194 2249 338 2330 Carthago
360 2252 491 2330 sublata,
516 2254 555 2313 ita
581 2253 809 2331 congruentibus
839 2252 906 2312 latis
928 2261 958 2312 ut
984 2262 1014 2313 et
1034 2251 1145 2314 liberet

142 2335 277 2414 amplecti
293 2339 362 2396 vitia
378 2345 409 2397 et
425 2337 539 2399 liceret.
569 2339 684 2416 petiere
710 2345 740 2397 et
761 2337 957 2414 dignationem
973 2337 1039 2398 hinc
1053 2337 1144 2416 aliqui

142 2429 284 2481 veterum.
316 2419 347 2482 C.
364 2420 473 2482 diarius
489 2431 557 2501 post
573 2424 724 2482 victoriam
740 2421 912 2482 Cimbricam
929 2422 1074 2483 cantharis
1089 2440 1144 2501 po·
1155 2441 1188 2484 2⁵

142 2514 221 2565 tasse
237 2505 335 2566 Liberi
360 2508 452 2585 patris
476 2506 612 2586 exemplo
630 2507 768 2584 traditur,
784 2506 835 2566 ille
852 2516 951 2567 arator
964 2507 1091 2587 Arpinas
1112 2517 1144 2568 et

141 2590 326 2668 manipularis
345 2593 514 2669 imperator.

100 2684 148 2738 151
229 2675 276 2735 tu.
299 2676 382 2754 (51.)
404 2674 530 2752 Argenti
547 2694 628 2735 usum
644 2676 673 2736 in
689 2684 797 2736 statuas
812 2679 934 2756 primum
945 2676 1003 2736 divi
1015 2676 1142 2755 Augusti

141 2767 303 2838 temporum
323 2757 487 2820 adulatione
510 2762 650 2821 transisse
671 2760 746 2821 ialso
768 2763 959 2822 existimatur.
994 2762 1048 2821 iam
1066 2763 1143 2822 enim

141 2843 286 2923 triumpho
308 2842 404 2921 Magni
427 2843 547 2925 Pompei
573 2847 735 2923 reperimus
765 2845 895 2906 tralatam
916 2845 1070 2906 Pharnacis
1092 2849 1142 2925 qui
1154 2870 1185 2914 sn

140 2931 248 3006 primus
267 2930 401 3007 regnavit
419 2931 447 2989 in
462 2928 556 2990 Ponto
573 2938 741 3007 argenteam
756 2939 894 3009 statuam,
910 2932 980 2991 item
993 2929 1141 2992 Mithrida·

49 3072 54 3081 ,
99 3012 366 3091 1511151155515115
383 3023 413 3074 51
425 3033 525 3074 currus
536 3032 642 3075 aureos
657 3023 882 3094 argenteosque.
900 3015 1062 3094 Argentum
1078 3035 1142 3078 suc·

140 3097 218 3158 cedit
229 3098 381 3176 aliquando
400 3107 430 3159 et
449 3117 519 3160 auro
539 3098 607 3160 luxu
618 3101 787 3160 feminarum
802 3100 898 3179 plebis
910 3101 1067 3179 compedes
1084 3102 1141 3162 sihi

141 3183 323 3268 iacientium,
345 3202 417 3264 quas
441 3184 561 3245 induere
586 3203 689 3246 aureas
705 3202 768 3244 mos
783 3187 880 3246 tritior
894 3193 985 3246 vetet.
1018 3183 1141 3248 vidimus
1205 3249 1208 3253 .

141 3275 171 3326 et
187 3268 244 3345 ipsi
260 3266 401 3328 Arellium
414 3267 536 3329 Fuscum
552 3278 660 3329 motum
674 3270 805 3348 equestri
822 3270 924 3332 ordine
943 3271 980 3332 ob
997 3273 1181 3349 insignemas

141 3351 325 3430 calumniam,
357 3370 421 3412 cum
442 3353 645 3415 celebritatem
668 3354 890 3416 adsectarentur
911 3355 1139 3417 adulescentium

141 3435 278 3513 scholae,
300 3444 459 3515 argenteos
482 3438 584 3499 anulos
606 3439 769 3500 habentem.
810 3449 840 3501 51
860 3441 928 3519 quid
948 3440 1020 3501 haec
1036 3442 1140 3503 attinet

141 3520 303 3601 colligere,
324 3539 387 3582 cunr
414 3522 507 3601 capuli
527 3523 647 3583 militum
671 3524 763 3585 ebore
779 3526 865 3586 etiam
880 3525 1009 3586 fastidito
1025 3526 1139 3587 caelen·
