2468 3896
135 265 174 328 48
360 338 365 345 ¹
480 273 510 323 c.
526 275 621 322 rurus
638 273 786 322 securior

94 442 240 503 soterem.
272 429 336 512 [18]
350 429 528 492 Menaechmi
547 429 652 489 vitulus
667 448 743 509 genu
762 431 902 509 premitur
919 429 1057 510 replicata
1071 448 1138 491 cer·

116 575 118 582 .
137 518 217 594 vioe,
234 518 298 595 ipse
315 513 517 576 Menaechmus
535 515 652 592 scripsit
675 512 776 574 desua
792 521 864 576 arte.
899 514 964 594 [19]
981 513 1137 593 Naucydes

135 601 282 662 Mercurio
299 608 328 660 et
339 598 493 660 discobolo
510 606 539 658 et
550 597 706 658 inmolante
721 599 842 660 arietem
858 607 1006 676 censetur,
1021 596 1137 660 Nauce-

136 705 184 746 rus
206 685 350 745 luctatore
373 682 525 743 anhelante
548 679 605 759 **,
628 681 781 743 Niceratus
799 683 1004 762 Aesculapium
1026 691 1056 743 et
1075 681 1134 761 lly-

136 771 211 848 giam
224 771 272 847 qui
289 777 354 829 suut
373 769 402 827 in
418 765 598 828 Concordiae
615 767 723 845 templo
739 765 859 828 Romae.
883 766 946 847 [20]
963 766 1163 845 Pyromachis

136 854 274 932 quadriga
301 853 335 912 ab
360 850 513 914 Alcibiade
538 852 660 929 regitur.
703 850 840 928 Polycles
862 850 1135 930 Hermaphroditum

137 937 264 998 nobilem
279 937 366 1014 fecit,
381 935 507 1014 Pyrrhus
523 934 645 1013 Hygiam
660 943 690 996 et
704 933 876 1014 blinervam,
892 935 998 996 Phanis
1012 935 1135 1016 Lysippi

95 1031 129 1088 81
143 1021 300 1100 discipulus
323 1020 504 1100 epithyusan.
546 1020 610 1099 [21]
627 1019 758 1099 Styppax
775 1017 899 1100 Cyprius
922 1037 980 1080 uno
1002 1020 1135 1082 celebra-

138 1114 182 1165 tur
204 1108 304 1183 signo,
326 1104 550 1184 splanchnopte‚
575 1103 697 1165 Periclis
723 1103 847 1184 Olympii
869 1104 989 1165 vernula
1011 1104 1057 1165 hic
1078 1107 1135 1166 fuit

137 1199 204 1250 exta
219 1198 334 1250 torrens
349 1192 505 1267 ignemque
518 1190 578 1248 oris
591 1189 670 1268 pleni
686 1190 790 1268 spiritu
807 1189 976 1250 accendens.
1003 1188 1134 1250 Silanion
1145 1215 1177 1256 ro

136 1273 348 1353 Apollodorum
364 1274 436 1334 ludit
456 1309 494 1317 -
512 1273 643 1334 fictorem
659 1281 689 1333 et
708 1275 818 1352 ipsum,
838 1273 892 1334 sed
911 1275 989 1334 inter
1011 1283 1133 1334 cunctos

135 1357 386 1436 diligentissimum
398 1359 466 1418 artis
483 1366 513 1417 et
528 1359 654 1436 iniquom
666 1358 709 1418 sui
725 1358 864 1435 iudicem,
881 1357 986 1418 crebro
1000 1361 1133 1437 perlecta

135 1444 217 1522 sigua
243 1444 443 1522 frangentem,
473 1441 537 1501 durn
566 1444 665 1504 satiari
697 1442 854 1521 cupiditate
880 1444 949 1502 artis
976 1460 1034 1502 non
1059 1444 1133 1521 quit,

92 1539 127 1595 82
138 1526 263 1606 ideoque
284 1530 414 1588 insanum
436 1529 675 1605 cognominatum.
706 1525 762 1586 hoc
781 1527 811 1586 in
834 1545 870 1587 eo
890 1529 1057 1605 expressit,
1077 1545 1134 1588 nec

135 1610 279 1672 hominem
297 1631 335 1673 ex
352 1630 420 1672 aere
441 1612 529 1689 iecit,
556 1611 608 1672 sed
624 1610 797 1671 iracundiam
812 1649 852 1658 —
874 1619 903 1672 et
919 1611 1062 1672 Achillem
1081 1630 1174 1680 [ιο-η

135 1695 239 1773 bilem,
270 1696 346 1756 idem
379 1697 524 1775 epistaten
553 1703 740 1756 exercentem
769 1696 909 1774 athletas,
940 1695 1133 1774 Strongylion

135 1783 307 1841 Amazonem
324 1798 407 1858 quam
425 1780 460 1840 ab
479 1779 653 1840 excellentia
669 1798 782 1840 crurum
798 1799 957 1841 eucnemon
972 1779 1132 1860 appellaut',

137 1864 175 1924 ob
189 1865 217 1924 id
234 1866 263 1924 in
277 1865 413 1924 comitatu
428 1862 554 1924 Neronis
578 1865 717 1944 principis
736 1864 936 1925 circumlatam.
970 1866 1045 1926 idem
1059 1865 1132 1926 iecit

136 1967 255 2027 puerum
278 1967 362 2028 quern
383 1949 502 2009 amando
524 1947 629 2009 Brutus
653 1947 859 2028 Philippiensis
880 1951 1052 2028 cognomine
1076 1968 1131 2010 suo

93 2033 310 2100 aeiulustravit.
353 2032 417 2114 [22]
437 2031 626 2111 Theodorus,
653 2035 700 2112 qui
726 2034 919 2111 labyrinthum
939 2035 1027 2112 iecit„
1053 2034 1174 2095 Samiso

135 2120 199 2197 ipse
215 2137 248 2178 se
265 2136 302 2179 ex
316 2136 385 2178 aere
401 2117 490 2196 ludit,
514 2126 633 2198 praeter
648 2117 839 2180 similitudinis
854 2119 1013 2181 mirabilem
1028 2119 1132 2179 lamam

134 2221 235 2280 magua
254 2203 413 2282 suptilitate
428 2202 602 2265 celebratus.
637 2203 739 2265 dextra
754 2203 848 2264 limam
863 2211 962 2282 tenet,
982 2204 1064 2265 laeva
1082 2205 1132 2264 tri-

135 2287 188 2346 bus
213 2287 310 2367 digitis
328 2287 522 2367 quadrigulam
544 2290 635 2349 tenuit
655 2288 818 2349 translatam
833 2287 1011 2367 Praeneste,
1033 2296 1131 2350 tantae

135 2373 287 2450 parvitatis
311 2380 342 2432 ut
368 2372 505 2433 miraculo
536 2374 641 2451 pictam
672 2389 732 2431 eam
755 2390 927 2452 currumque
950 2383 979 2434 et
1001 2375 1130 2450 aurigam

134 2458 280 2535 integeret
298 2457 351 2518 alis
367 2457 450 2518 simul
466 2457 541 2517 facta
555 2474 661 2516 musca.
693 2456 757 2535 [23]
779 2454 961 2518 Xenocrates
978 2455 1129 2518 'lisicratis
1140 2479 1169 2520 25

135 2540 310 2621 discipulus,
332 2549 363 2600 ut
385 2541 432 2600 alii
447 2539 650 2618 Euthycratis,
674 2542 743 2600 vicit
763 2548 903 2619 utrosque
923 2543 1007 2622 copia
1031 2543 1130 2620 signo·

92 2634 126 2690 84
137 2643 197 2684 rum
215 2635 244 2684 et
260 2624 295 2684 de
312 2642 362 2684 sua
377 2633 439 2685 arte
456 2627 610 2703 conposuit
625 2625 777 2685 uolumina.
805 2623 869 2705 [24]
885 2625 987 2687 Plures
1001 2627 1129 2687 artifices

135 2709 235 2769 iecere
251 2707 341 2768 Attali
362 2716 392 2768 et
407 2706 543 2769 Eumenis
564 2709 702 2770 adversus
719 2707 818 2770 Gallos
834 2710 964 2789 proelia,
979 2710 1128 2789 isigonus,

134 2791 347 2871 Pyromacbus,
371 2790 567 2871 Stratonicus,
588 2792 752 2873 Antigonus
775 2794 823 2872 qui
839 2795 982 2856 volumina
1000 2794 1129 2856 condidit

135 2876 170 2936 de
194 2895 244 2937 sua
267 2886 340 2939 arte.
377 2875 500 2955 boethi,
529 2896 697 2957 quamquam
717 2886 839 2959 argento
860 2879 1009 2959 melioris,
1033 2879 1169 2950 iulansao

135 2963 281 3022 exanimo
299 2980 431 3024 anserem
446 2962 614 3042 strangulat.
637 2964 733 3042 Atque
749 2983 787 3026 ex
802 2965 932 3026 omuibus
949 2983 1022 3044 quae
1040 2964 1127 3026 retuli

134 3045 293 3107 clarissima
320 3066 452 3126 quaeque
479 3049 508 3108 in
531 3048 604 3110 urbe
627 3050 681 3109 iam
704 3058 770 3110 sunt
791 3048 881 3111 dicata
905 3068 920 3111 a
942 3049 1127 3130 Vespasiano

135 3131 266 3208 principe
291 3133 320 3191 iu
345 3131 452 3211 templo
470 3132 552 3194 Pacis
573 3133 696 3214 aliisque
718 3136 780 3196 eius
806 3135 962 3214 operibus,
986 3135 1127 3195 violentia

135 3211 261 3274 Neronis
282 3217 311 3276 in
327 3217 427 3276 urbem
442 3227 582 3278 convecta
599 3228 628 3279 et
646 3220 674 3279 in
690 3219 815 3281 sellariis
832 3218 931 3280 domus
947 3237 1053 3280 aureae
1069 3219 1127 3279 dis·

92 3299 241 3377 asposita.
280 3299 343 3380 [25]
362 3299 520 3360 Praeterea
536 3309 601 3361 sunt
624 3303 798 3381 aequalitate
821 3303 962 3364 celebrati
986 3304 1166 3383 artifices,us

134 3381 186 3442 sed
205 3383 290 3445 nullis
307 3402 426 3463 operum
442 3401 559 3444 suorum
581 3388 748 3466 praecipui,
769 3387 891 3449 Ariston
907 3390 954 3467 qui
974 3399 1004 3450 ct
1020 3407 1126 3468 argeu-

133 3475 191 3526 tum
206 3468 319 3530 caelare
335 3468 438 3530 solitus
455 3477 519 3546 est,
536 3466 679 3550 callides,
701 3469 831 3551 Ctesias,
849 3470 1008 3534 cantharus
1025 3471 1127 3551 Sicyo-

133 3552 207 3630 nius,
219 3550 450 3631 Dionysiodorus
463 3551 571 3615 Critiae
587 3554 753 3636 discipulus,
767 3555 916 3636 Deliades,
932 3556 1126 3637 Euphorioui,
