2468 3896
270 216 351 264 uxr.
373 216 464 265 msa.
486 217 611 264 xxx111.
632 215 656 270 6.
675 214 701 268 7.
722 203 870 285 (ut-37.)
1033 202 1072 264 23

53 381 151 453 gatae
174 372 278 432 vitium
295 379 351 432 est.
381 369 501 442 Quidam
516 372 572 433 duo
587 391 698 450 genera
715 374 822 433 faciunt
843 391 961 452 spumae
977 391 1051 451 quae
1064 381 1116 436 108

54 464 176 518 vocant
201 455 377 532 scirerytida
400 464 430 516 et
450 474 629 534 peumeuen,
658 459 773 517 tertium
798 456 1017 534 molybdaenam
1044 458 1073 516 in

56 541 191 620 plumbo
214 539 373 600 dicendam.
416 539 521 620 Spuma
544 549 574 599 ut
603 543 642 600 sit
666 540 744 601 utilis
766 542 870 601 iterum
890 543 1023 621 coquitur
1033 559 1066 601 aa,
1081 559 1115 594 m

57 625 233 686 confractis
259 624 365 684 tubulis
387 623 421 684 ad
444 625 667 703 magnitudinem
687 625 847 686 anulorum.
890 626 928 685 ita
950 642 1073 685 accensa

41 708 194 771 sicllibus
216 707 253 766 ad
274 707 451 786 separandos
474 709 617 769 carbones
638 711 824 788 cineremque
846 708 972 769 abluitur
989 717 1073 769 aceto

59 801 113 853 aut
144 793 220 851 vinc
250 790 391 871 simulque
417 794 615 870 restinguitur.
661 793 764 871 quodsi
795 795 833 852 sit
861 794 1017 870 argyritis,
1043 801 1074 851 ut

60 876 182 938 candor
200 877 227 936 ei
248 875 331 934 detur
348 875 542 952 magnitudine
565 876 651 938 labae
673 878 820 937 coniracta
842 877 871 935 iu
889 876 970 936 fictili
987 877 1073 954 coqui

61 961 192 1021 iubetur
219 977 259 1019 ex
279 977 352 1036 aqua
373 958 469 1019 addito
490 961 519 1020 in
537 959 666 1021 linteolis
685 961 781 1021 tritico
803 969 833 1020 et
851 959 964 1020 hordeo
977 962 1073 1036 novis,

62 1045 166 1105 donec
186 1061 221 1103 ea
237 1051 405 1121 purgentur.
437 1052 540 1121 postea
555 1063 610 1104 sex
622 1044 724 1104 diebus
740 1052 837 1104 terunt
853 1046 882 1104 in
897 1045 1053 1120 mortariis,
1067 1055 1116 1109 109

35 1151 55 1191 u
64 1138 114 1189 ter
129 1127 184 1188 dic
201 1127 354 1187 abluentes
371 1144 444 1205 aqua
460 1127 563 1206 frigida
580 1137 621 1204 et,
637 1147 700 1187 cum
716 1129 840 1205 desinat,
858 1127 961 1204 calida,
976 1127 1073 1187 addito

66 1209 263 1286 saletossili,
277 1213 305 1270 in
320 1210 421 1270 libram
436 1229 553 1291 spumae
571 1211 670 1272 cbolu.
694 1214 852 1272 novissimo
865 1212 912 1272 die
925 1211 993 1272 dein
1007 1229 1075 1272 ccn·

66 1296 139 1356 dunt
156 1297 197 1355 im
215 1294 351 1372 plumbeo
369 1313 447 1354 vase.
484 1295 533 1354 alii
551 1314 614 1355 cum
637 1296 703 1356 laba
725 1297 844 1356 candida
867 1305 897 1356 et
919 1296 1010 1356 tisana
1027 1313 1075 1375 cq-

68 1388 139 1440 cunt
162 1379 334 1456 siccantque
352 1377 434 1456 sole,
455 1379 503 1439 alii
520 1381 550 1439 in
573 1379 637 1438 lana
654 1379 772 1440 candida
790 1399 852 1440 cum
871 1380 956 1456 iaba,
981 1379 1075 1439 donec

68 1464 168 1524 lanam
190 1481 250 1522 non
272 1462 415 1540 denigret.
454 1472 520 1523 tunc
543 1463 633 1524 salem
653 1463 786 1523 fossilem
807 1463 932 1524 adiciunt
953 1462 1074 1522 subinde

39 1566 147 1627 itaqua
164 1555 273 1605 mutata
291 1548 457 1624 siccantque
473 1547 575 1607 diebus
591 1546 640 1606 XL
657 1547 837 1607 calidissimis
857 1547 986 1606 aestatis.
1020 1565 1075 1606 nec

71 1633 177 1692 nonin
189 1639 293 1690 ventre
307 1630 392 1690 suillo
404 1632 433 1690 in
448 1649 519 1708 aqua
535 1640 638 1690 cocunt
652 1639 873 1710 exemptamque
886 1631 962 1689 nitro
974 1629 1076 1690 fricant

72 1726 103 1778 et
118 1724 152 1774 ut
167 1732 258 1794 supra
272 1723 369 1775 terunt
389 1715 416 1773 in
437 1717 582 1774 mortariis
600 1735 662 1775 cum
677 1715 748 1775 sale.
784 1723 850 1774 sunt
870 1715 918 1792 qui
943 1730 1001 1774 non
1021 1731 1069 1774 co·
1083 1735 1117 1770 ros

72 1808 181 1880 quant,
203 1799 258 1858 sed
278 1816 341 1866 cum
362 1798 422 1859 sale
444 1807 540 1859 terant
558 1808 587 1858 et
603 1799 714 1860 adiecta
729 1817 803 1878 aqua
818 1799 943 1858 abluant.
977 1795 1054 1858 Usus
1067 1809 1119 1862 110

73 1887 137 1945 eius
172 1882 208 1942 ad
230 1882 351 1960 collyria
373 1891 403 1942 ct
422 1883 475 1942 litu
497 1883 531 1942 ad
558 1884 738 1944 muliebrium
768 1885 932 1943 cicatricum
953 1881 1076 1942 ioedita·

45 1978 119 2030 actes
139 1966 288 2027 tollendas
312 1967 514 2045 maculasque,
530 1966 564 2025 ad
581 1968 714 2028 alendum
733 1966 876 2046 capillum.
914 1967 958 2025 vis
981 1974 1077 2026 autem

28 2105 31 2112 .
75 2054 208 2130 siccare,
223 2050 356 2128 mollire,
372 2052 568 2129 refrigerare,
583 2061 763 2130 temperare,
783 2069 927 2130 purgare,
952 2050 1075 2128 explere

75 2137 196 2212 ulcera,
213 2143 342 2194 tumores
358 2134 462 2195 lenire.
494 2134 656 2214 talibusque
679 2136 843 2214 emplastris
868 2134 981 2195 additur
996 2142 1025 2193 et
1043 2134 1076 2193 li·

74 2222 154 2300 paris
175 2237 263 2297 supra
282 2219 374 2279 dictis.
396 2221 471 2297 ignis
489 2220 574 2280 etiam
590 2238 689 2279 sacros
707 2219 783 2278 tollit
800 2237 863 2278 cum
877 2226 940 2279 ruta
956 2219 1070 2294 myrtis·
1084 2237 1118 2272 us

75 2323 132 2383 que
149 2313 181 2364 et
196 2311 301 2380 aceto,
318 2305 387 2362 item
402 2304 560 2382 perniones
577 2322 639 2362 cum
656 2305 757 2379 myrtis
773 2312 804 2362 et
820 2321 896 2362 cera.

47 2401 67 2443 rs
138 2391 168 2448 7.
193 2387 276 2465 (36.)
297 2386 523 2465 In'argeutariis
540 2387 665 2446 metallis
687 2388 832 2446 invenitur
851 2387 968 2446 minium
988 2397 1117 2464 quo-111

76 2491 151 2551 que,
167 2479 197 2530 ot
213 2489 287 2530 nunc
302 2471 379 2530 inter
395 2473 543 2550 pigmenta
559 2489 679 2548 magnae
695 2471 874 2531 auctoritatis
891 2479 920 2528 et
936 2470 1078 2547 quondam

75 2555 151 2636 apud
166 2555 315 2614 Romanos
333 2572 390 2614 non
407 2555 500 2614 solum
514 2573 677 2631 maxumae,
700 2553 853 2614 sedetiam
869 2570 979 2613 sacrae.
1010 2572 1077 2613 euu-

0 2692 1 2703 ,
75 2649 169 2701 morat
177 2647 315 2698 auctores
324 2638 446 2699 Verrius
460 2638 562 2717 quibus
573 2637 695 2698 credere
708 2656 831 2698 necesse
844 2638 883 2697 sit
895 2637 974 2698 lovis
986 2639 1077 2716 ipsius

77 2723 223 2784 simulacri
250 2723 355 2783 faciem
379 2723 480 2783 diebus
508 2722 593 2782 iestis
621 2724 708 2782 minio
738 2721 819 2780 inlini
846 2721 961 2782 solitam
982 2725 1078 2782 trium·

48 2808 285 2887 sophantiumque
307 2824 449 2885 corpora,
471 2808 513 2864 sic
527 2803 675 2865 Camillum
692 2805 892 2884 triumphasse.
920 2805 974 2866 hac
989 2807 1057 2865 reli·
1072 2815 1121 2868 112

78 2895 167 2971 gione
192 2893 346 2951 etiamnum
374 2890 438 2951 addi
467 2892 496 2949 iu
526 2898 670 2967 unguenta
694 2908 785 2950 cenae
809 2889 988 2968 triumphalis
1011 2898 1041 2950 et
1063 2908 1079 2949 a

79 2976 254 3036 censoribus
273 2977 302 3033 in
316 2977 415 3053 primis
434 2975 534 3034 lovem
550 2974 721 3034 miniandum
732 2974 831 3033 locari.
857 2976 937 3034 cuius
955 2975 999 3034 rei
1015 2992 1080 3034 cau·

80 3079 139 3120 sam
163 3058 300 3137 equidem
322 3061 428 3136 miror,
450 3076 617 3137 quamquam
641 3067 670 3118 et
692 3057 778 3118 hodie
802 3057 832 3116 id
849 3059 949 3137 expeti
966 3067 1079 3119 constat

80 3145 259 3222 Aethiopum
271 3142 387 3221 populis
401 3151 539 3220 tutosque
553 3160 589 3202 eo
602 3143 693 3219 tingui
709 3159 861 3220 proceres,
874 3141 948 3202 hunc
959 3143 999 3203 ibi
1012 3143 1080 3204 deo·

51 3241 140 3288 torum
157 3227 318 3288 simulacris
335 3227 464 3287 colorem
484 3245 561 3287 esse.
600 3235 779 3305 quapropter
794 3225 960 3303 diligentius
978 3244 1080 3305 perse·
1104 3289 1106 3294 s

1 3323 2 3326 ’
81 3312 428 3390 quemurcmniadeec.

144 3397 227 3476 (37.)
255 3394 473 3475 Theophrastus
498 3393 550 3456 XC
573 3397 653 3455 annis
676 3403 742 3454 ante
760 3393 945 3455 Praxibulum
967 3392 1058 3452 Athe·
1072 3403 1123 3456 113

68 3481 225 3541 'niensium
240 3483 437 3558 magistratum
450 3479 583 3559 -quod
602 3489 714 3557 tempus
735 3481 796 3538 exit
818 3480 847 3537 in
865 3478 944 3537 urbis
960 3483 1079 3533 nostrae
