2468 3896
150 249 192 311 54
493 259 524 311 c.
546 261 642 310 nurui
663 258 812 309 sucunnr

150 427 250 480 cetera
273 417 350 478 enim
372 417 461 479 dente
481 417 738 498 deprehenduntur
758 417 911 480 stridentia
929 417 958 477 in
979 415 1168 478 frendendo.-

151 505 381 584 experimentum
415 504 443 562 in
463 503 565 564 vatillo
586 503 705 582 ferreo,
734 519 798 563 nam
826 519 901 582 quae
928 503 1043 563 sincera
1072 519 1158 562 suum

151 588 282 649 colorem
303 589 430 666 retinet,
446 606 521 667 quae
542 589 629 650 mixta
646 595 806 649 atramento
822 587 962 650 rubescit.
990 585 1157 666 deprehen·

149 673 227 735 ditur
252 681 282 734 et
306 690 419 752 papyro
439 673 517 752 galla
541 674 621 753 prius
645 681 811 752 macerato,
837 674 978 751 nigrescit
1000 671 1076 733 euim
1096 679 1158 732 sta-

150 759 200 818 tim
223 759 365 837 aerugine
387 758 475 819 inlita.
505 758 733 838 deprehenditur
758 766 788 819 et
807 759 872 817 visu
894 756 1019 836 maligne
1043 758 1183 818 virenss

108 841 229 911 neSed
250 844 313 903 sive
328 845 472 904 sinceram
486 845 550 904 sive
567 843 726 905 adulteram
747 843 926 922 aptissimum
947 850 994 904 est
1016 841 1074 902 elui
1097 843 1156 902 sic-

149 936 300 1006 catamque
322 928 351 988 in
375 929 471 1007 patina
496 946 571 989 nora
595 930 638 988 uri
661 946 696 989 ac
716 929 828 989 versari
855 927 949 988 donec
969 925 1067 988 favilla
1091 926 1154 1005 liat,

152 1020 257 1092 postea
273 1013 379 1074 teritur
394 1031 429 1073 ac
444 1013 623 1074 reconditur.
647 1013 740 1092 aliqui
754 1014 783 1073 in
798 1012 894 1074 crudis
913 1012 1049 1074 fictilibus
1066 1021 1155 1073 urunt

151 1098 245 1158 donec
261 1097 389 1176 figlinum
415 1106 621 1177 percoquatur.
657 1098 785 1159 nonnulli
808 1107 839 1159 et
861 1105 906 1160 tus
923 1096 1080 1158 masculum
1105 1096 1156 1158 ad-

108 1183 286 1244 memiscent.
332 1180 456 1243 Laratur
482 1191 578 1244 autem
604 1201 715 1263 aerugo
745 1185 820 1244 sicut
849 1182 974 1244 cadmea.
1017 1183 1061 1242 vis
1088 1182 1155 1242 eius
1170 1202 1199 1246 ro

149 1266 279 1345 collyriis
296 1267 446 1328 oculorum
465 1269 613 1347 aptissima
637 1277 667 1329 et
687 1267 970 1330 delacrimationibus
992 1267 1154 1329 mordendo

149 1353 322 1431 proficiens,
338 1353 391 1413 sed
407 1353 485 1414 ablui
500 1355 698 1415 necessarium
714 1353 858 1433 penicillis
877 1353 977 1414 calidis
993 1353 1088 1414 donec
1105 1370 1155 1413 rc-

149 1437 221 1498 derc
237 1437 359 1498 desinat.

106 1532 157 1587 114
253 1521 335 1603 (at.)
361 1521 524 1584 llieracium
547 1531 669 1584 vocatur
688 1523 841 1600 collyrium
862 1523 940 1602 quod
959 1523 999 1582 ita
1021 1539 1155 1584 maxume

148 1615 281 1685 constat,
309 1616 487 1687 temperatur
508 1616 604 1669 autem
626 1607 654 1669 id
676 1607 863 1669 hammoniaci
887 1608 979 1668 unciis
1001 1615 1149 1686 quattuor,
1166 1633 1194 1672 ιε

148 1693 295 1771 aeruginis
316 1688 442 1772 Cypriae
467 1692 594 1771 duabus,
622 1695 773 1754 atramenti
795 1693 898 1755 sutorii
921 1692 999 1771 quod
1020 1690 1154 1753 chalcan·

148 1775 226 1836 thum
246 1785 351 1838 vocant
372 1777 509 1856 totidem,
535 1779 644 1856 misyos
666 1797 738 1856 una,
764 1779 843 1839 croci
862 1795 924 1839 sex.
968 1776 1154 1839 haecomnia

149 1862 215 1921 trita
238 1869 323 1922 aceto
340 1861 447 1922 Thasio
471 1862 649 1942 colliguntur
670 1865 698 1924 in
718 1863 822 1943 pilulas
844 1861 1018 1925 excellentis
1040 1861 1153 1924 remedi

147 1955 249 2007 contra
270 1947 353 2007 initia
368 1946 579 2026 glaucomatum
602 1956 632 2010 et
650 1948 863 2028 sublusicaum,
885 1957 986 2009 contra
1008 1945 1152 2026 caligines

105 2042 155 2096 115
167 2039 215 2091 aut
237 2031 389 2093 scabritias
412 2041 441 2092 et
456 2033 610 2111 albugines
633 2051 667 2094 ac
681 2052 822 2113 genarum
835 2034 914 2094 vitia.
946 2032 1033 2094 cruda
1054 2041 1151 2093 autem
1164 2058 1194 2103 20

146 2134 258 2194 aerugo
272 2117 446 2179 volnerariis
470 2118 634 2198 emplastris
650 2121 798 2180 miscetur.
835 2120 894 2180 cris
916 2119 1002 2180 etiam
1017 2119 1151 2197 gingiva-

146 2219 266 2280 rumque
288 2202 526 2265 exulcerationes
543 2204 665 2266 mirifice
688 2204 823 2266 emendat
841 2212 871 2265 et
887 2203 1034 2265 labrorum
1050 2203 1152 2264 ulcera

146 2305 208 2346 cum
230 2287 308 2349 oleo.
349 2305 407 2368 quc
424 2289 449 2350 si
467 2295 498 2350 et
517 2307 585 2350 cera
604 2289 739 2368 addatur,
768 2297 872 2369 purgat
888 2289 968 2350 etad
984 2289 1153 2350 cicatricem

145 2371 286 2450 perducit.
324 2391 435 2452 aerugo
463 2383 493 2435 et
517 2374 619 2434 callum
647 2375 805 2436 fistularum
832 2374 929 2436 erodit
953 2375 1151 2452 vitiorumque

145 2458 222 2517 circa
250 2457 350 2520 sedem
372 2459 435 2520 sive
458 2478 512 2538 per
532 2478 566 2520 se
590 2461 653 2520 sive
681 2478 744 2520 cnm
765 2459 964 2520 hammoniaco
990 2458 1071 2521 inlita
1098 2460 1149 2521 vel
1164 2485 1194 2528 2⁵

144 2541 248 2619 collyri
269 2543 355 2604 modo
379 2545 408 2602 in
425 2543 536 2604 listulas
553 2543 662 2604 adacta.
696 2545 797 2607 eadem
811 2563 873 2606 cum
889 2546 1005 2606 resinae
1022 2544 1152 2607 terebin-

145 2625 243 2688 thinae
262 2629 347 2688 tertia
366 2636 450 2706 parte
467 2629 586 2689 subacta
602 2628 700 2708 lepras
715 2630 800 2690 tollit.

101 2721 153 2776 116
230 2711 275 2772 12.
300 2711 380 2793 (28.)
404 2711 458 2772 list
474 2721 505 2774 et
523 2713 645 2775 alterum
659 2733 753 2794 genus
777 2717 924 2795 aeruginis
941 2734 1025 2795 quarn
1045 2725 1152 2776 vocant

144 2796 280 2875 scolam,
302 2799 331 2858 in
347 2795 457 2877 Cyprio
474 2817 545 2860 aere
561 2799 631 2859 tritc
650 2799 773 2862 alumine
795 2810 825 2862 et
841 2802 903 2864 sale
925 2810 974 2862 aut
990 2802 1067 2861 nitro
1085 2801 1151 2879 pari

144 2882 276 2960 pondere
299 2902 363 2944 curn
391 2891 475 2945 aceto
498 2884 565 2946 albo
585 2903 669 2964 quarn
690 2887 842 2947 acerrimo.
880 2905 938 2947 non
960 2887 991 2946 lit
1012 2884 1068 2945 hoc
1094 2885 1193 2950 nisiae
1226 2885 1229 2950 j

143 2969 371 3030 aestuosissimis
388 2968 491 3031 diebus
506 2971 584 3030 circa
599 2971 678 3031 canis
696 2980 805 3048 ortum,
823 2973 928 3032 teritur
943 2979 1038 3033 autem
1055 2969 1152 3030 donec
1226 2979 1228 3016 ³

143 3052 237 3112 viride
250 3053 299 3113 liat
315 3053 523 3134 contrahatque
540 3075 574 3116 se
591 3055 813 3117 vermiculorum
829 3058 942 3135 specie,
959 3055 1035 3116 unde
1052 3063 1082 3115 et
1097 3073 1151 3115 nc-

90 3199 94 3210 ·
140 3153 217 3196 meu.
240 3137 316 3215 quod
327 3139 427 3201 vitium
443 3149 473 3200 ut
488 3140 659 3202 emendetur
674 3141 747 3203 duae
761 3151 860 3221 partes
876 3160 960 3222 quam
975 3141 1058 3202 luere
1071 3142 1149 3201 aceti

141 3221 300 3282 miscentur
320 3221 357 3263 *³¹
379 3225 462 3286 urina
486 3227 570 3305 pueri
593 3227 719 3306 inpubis.
758 3227 833 3288 idem
854 3236 949 3289 autem
971 3228 1000 3287 in
1024 3225 1150 3288 medica·

98 3325 127 3368 aa
140 3325 163 3360 m
175 3307 281 3366 mentis
306 3316 336 3368 et
360 3317 496 3371 santerna
522 3309 613 3372 eflicit
635 3330 691 3391 qua
708 3312 831 3373 diximus
854 3332 952 3375 aurum
967 3311 1148 3389 feruminari,
1161 3333 1189 3376 aa

141 3409 211 3452 usus
237 3393 386 3472 utriusque
411 3396 460 3474 qui
484 3397 642 3474 aeruginis.
680 3397 784 3460 scolex
800 3399 832 3460 ht
854 3409 884 3462 et
899 3417 953 3479 per
970 3416 1003 3458 sc
1024 3397 1147 3458 derasus

140 3476 255 3537 aerario
272 3476 360 3556 lapidi
377 3478 413 3540 de
429 3497 487 3557 quc
501 3499 575 3541 nunc
590 3481 726 3544 dicemus.

98 3571 148 3628 117
223 3561 305 3642 (29.)
323 3559 472 3626 Chalcitim
487 3574 602 3644 vocant,
619 3585 657 3626 er
671 3586 728 3646 quo
744 3578 774 3630 et
789 3571 855 3649 ipso
871 3588 921 3631 aes
933 3569 1078 3650 coquitur.
1101 3567 1149 3628 di-
