2510 3898
300 224 380 273 unu.
402 225 634 275 1116611161.
655 225 698 278 aa.
719 212 868 295 (16-49.)
1034 215 1092 277 136

10 380 16 389 ’
87 379 214 444 accidat.
241 379 387 441 Invenere
403 380 532 443 61611616
548 383 669 444 usumin
683 383 822 444 ramentis
837 401 1023 462 squamaque,
1038 385 1096 444 cir-

88 485 157 530 cum
171 483 334 526 maumam
348 463 423 526 ludis
439 463 626 527 Circensibus
642 465 791 528 sternendi
808 475 839 526 ut
853 469 892 528 sit
905 469 936 528 in
950 485 1093 529 commen·

89 551 212 612 datione
228 548 345 610 candor.

155 633 240 713 (46.)
258 632 379 694 Nerone
395 635 526 713 principe
542 635 572 694 in
585 631 768 714 Cappadocia
783 644 919 714 repertas
935 644 981 696 est
996 635 1071 716 lapis
1086 647 1136 702 163

67 719 200 783 aduritia
215 719 385 796 marmoris,
405 717 541 779 candidus
565 727 651 798 atque
675 719 819 781 tralucens
835 722 921 780 etiam
939 739 993 799 qua
1009 730 1093 800 parto

90 803 192 864 fulvae
207 801 368 862 inciderant
383 813 494 880 venae,
511 822 548 864 cx
563 813 733 880 argumento
748 805 905 883 phengites
920 804 1093 885 appellatus.

90 888 151 948 boc
168 895 373 947 construxerat
398 886 499 948 aedem
514 887 660 949 Fortunae
681 906 765 966 quam
780 889 876 949 Seiam
890 888 1055 969 appellant,
1078 907 1094 950 a

92 971 201 1032 Servio
220 989 294 1048 rege
311 979 466 1048 sacratarn,
480 971 638 1050 amplexus
658 989 747 1033 aurea
768 973 871 1049 domo,
892 991 981 1051 quare
1009 976 1094 1034 etiam

92 1054 208 1118 loribus
229 1057 342 1134 opertis
363 1054 490 1117 interdiu
511 1056 627 1117 claritas
657 1056 697 1116 ibi
721 1057 821 1118 diurna
843 1065 907 1117 crat
930 1057 989 1118 alio
1011 1076 1094 1138 quam

59 1138 289 1220 inspecularium
303 1139 389 1200 modo
406 1147 546 1218 tamquam
560 1140 670 1200 inclusa
685 1140 767 1218 luce,
783 1159 840 1202 non
856 1144 1031 1203 transmissa.
1062 1142 1095 1202 ln

92 1223 204 1285 Arabia
219 1241 338 1302 666666
356 1243 424 1285 6666
439 1223 564 1303 lapidem
579 1226 647 1285 vitri
657 1225 744 1286 modo
760 1225 926 1286 tralucidum
942 1244 1000 1304 quo
1016 1235 1095 1289 atan-

93 1319 142 1369 tur
160 1326 214 1387 pro
231 1307 433 1386 specularibus
449 1307 519 1369 Iuba
533 1317 634 1369 auctor
649 1317 705 1370 est.

159 1394 243 1472 (47.)
257 1391 342 1452 11666
353 1393 387 1453 ad
403 1395 555 1472 operarios
568 1392 681 1472 lapides
697 1395 838 1453 transisse
850 1396 1005 1456 conveniat
1017 1396 1138 1474 pri-164

92 1496 228 1555 mumque
243 1485 329 1537 cotes
343 1476 424 1538 16116
438 1478 580 1538 acuendo.
604 1477 692 1538 multa
707 1494 804 1538 earum
817 1495 944 1554 genera:
961 1476 1095 1540 Creticae

60 1585 84 1626 1s
93 1563 143 1623 diu
162 1579 322 1621 maxumam
344 1561 458 1622 laudem
474 1560 623 1638 habuere,
647 1560 800 1622 secundam
815 1560 975 1623 laconicae
991 1581 1008 1623 e
1024 1561 1097 1640 Tay-

92 1655 166 1726 6616
184 1655 295 1724 166616,
313 1646 381 1706 6166
397 1655 538 1724 utraeque
550 1645 725 1725 indigentes.
745 1647 822 1706 inter
838 1648 970 1724 aquarias
985 1646 1096 1708 Naxiae

93 1733 157 1794 laus
173 1748 303 1790 maxuma
318 1731 387 1807 init,
409 1747 478 1792 mox
492 1729 700 1807 Armeniacae,
717 1729 754 1792 de
772 1731 876 1809 quibus
896 1730 1027 1792 diximus.
1057 1751 1095 1792 611
1117 1753 1140 1788 a.

94 1816 165 1877 6166
179 1824 209 1876 61
221 1832 294 1892 6666
306 1812 427 1876 Ciliciae
439 1813 566 1895 pollent,
579 1834 617 1875 ex
628 1833 703 1895 aqua
713 1813 921 1877 Arsinoiticae.
938 1825 1076 1895 repertae
1090 1829 1139 1883 165

95 1909 162 1963 sunt
180 1909 209 1961 et
228 1899 355 1960 16116116
371 1917 443 1978 aqua
464 1899 613 1960 trahentes
629 1901 721 1962 aciem
737 1903 878 1961 acerrimo
895 1901 1021 1979 ellectu,
1043 1921 1098 1964 nec

62 2003 154 2047 moon
179 1993 209 2044 et
234 1992 313 2044 trans
332 1983 417 2064 Alpis
439 2002 509 2064 quas
534 1986 719 2063 passernices
741 1993 855 2047 vocant.
900 1993 999 2065 quarta
1022 1989 1097 2047 ratio

96 2079 144 2131 cst
162 2067 256 2129 saliva
271 2068 394 2129 hominis
411 2068 625 2147 proficientium
639 2071 669 2130 in
685 2072 890 2131 tonstrinarum
905 2071 1041 2147 cilicinis,
1058 2073 1099 2131 16-

95 2153 176 2213 611116
200 2152 297 2230 fragili
321 2153 451 2213 mollitia.
490 2151 684 2215 laminitanae
707 2172 744 2216 ex
759 2153 897 2233 llispania
911 2156 1052 2216 citeriore
1070 2157 1100 2214 in

96 2255 134 2298 eo
150 2254 265 2316 genere
277 2239 462 2316 praecipuae.
609 2305 617 2323 .

158 2319 244 2400 (48.)
265 2318 290 2381 Ε
312 2321 426 2401 1611666
441 2321 621 2383 multitudiue
638 2321 762 2400 lapidum
777 2322 855 2382 tolus
875 2321 1014 2382 aediliciis
1038 2323 1141 2387 16166

64 2407 177 2468 mutilis
205 2414 251 2464 est
276 2406 469 2482 mortalitate,
498 2406 629 2468 mollitia.
676 2405 815 2483 quaedam
841 2413 935 2465 tamen
956 2405 1021 2466 loca
1042 2423 1100 2465 666
1137 2457 1142 2466 .

3 2537 4 2572 6
97 2492 184 2551 611616
197 2488 317 2567 11611661,
328 2491 412 2550 616611
426 2487 572 2568 Carthago
587 2493 616 2550 in
629 2489 738 2550 Africa.
769 2497 890 2551 exestur
902 2487 991 2549 halitu
1003 2490 1099 2566 maris,

3 2575 4 2586 ¹
96 2576 217 2636 fricatur
235 2582 342 2652 vento,
360 2574 551 2636 everberatur
564 2573 658 2634 imbri.
689 2573 743 2634 sed
760 2592 828 2636 cura
846 2581 962 2634 tuentur
977 2574 1098 2652 picando

4 2735 5 2740 γ
98 2661 249 2739 66116166,
271 2662 405 2738 quoniam
427 2667 456 2721 et
474 2659 581 2719 tectori
598 2658 678 2718 calce
694 2658 824 2737 roditur,
846 2658 978 2737 sciteque
995 2659 1101 2719 dictum

100 2743 198 2806 estad
215 2751 293 2804 tecta
308 2763 361 2805 eos
378 2745 461 2824 pice,
482 2743 519 2803 ad
537 2744 602 2803 vina
622 2743 703 2804 66166
718 2745 777 2819 611,
800 2743 934 2821 qnoniam
950 2744 993 2802 sic
1009 2751 1101 2802 musta

67 2827 248 2889 cocondiuut.
284 2828 351 2889 Alia
373 2827 495 2888 mollitia
515 2829 593 2888 circa
611 2827 732 2888 Romam
754 2827 886 2888 Fidenati
909 2825 1142 2891 611116666167

99 2915 129 2974 16
143 2909 264 2972 Umbria
280 2930 397 2992 666666
413 2921 443 2974 61
458 2911 585 2972 Venetia
600 2911 683 2973 albus
700 2911 774 2991 lapis
791 2910 907 2974 dentata
922 2928 1004 2970 serra
1022 2928 1102 2970 seca-

100 3006 154 3058 tur.
185 2992 215 3056 bi
244 2996 412 3063 tractabiles
431 2999 460 3057 16
482 3015 574 3076 opere
589 2997 722 3058 laborem
743 3014 859 3075 quoque
881 2994 1025 3072 tolerant,
1049 2993 1102 3054 sub

101 3090 181 3142 tecto
200 3080 357 3144 dumtaxat.
390 3083 548 3162 aspergine
569 3091 599 3141 et
618 3081 687 3159 gelu
703 3082 872 3160 pruinisque
890 3087 1060 3157 rumpuntur
1074 3081 1104 3140 in

101 3174 213 3246 testas,
228 3184 283 3227 nec
299 3175 400 3228 contra
415 3184 512 3228 auram
527 3167 613 3226 maris
630 3166 752 3227 robusti.
784 3164 927 3226 Tiburtini
943 3163 978 3224 ad
991 3163 1103 3242 reliqna

69 3251 197 3312 acfortes
216 3269 326 3330 vapore
343 3251 497 3312 dissiliunt.

167 3335 251 3415 (49.)
269 3333 352 3416 Nigri
370 3337 468 3398 silices
482 3337 602 3416 optumi,
614 3336 785 3417 quibusdam
800 3337 830 3395 16
845 3335 919 3395 16616
936 3343 965 3394 61
980 3333 1084 3393 ruben·
1096 3339 1148 3395 168

104 3428 160 3480 tes.
188 3438 388 3500 nonnusquam
403 3439 475 3482 vcro
493 3430 522 3482 et
538 3420 613 3497 albi,
633 3423 707 3481 sicut
722 3423 751 3480 in
769 3418 971 3496 Tarquiniensi
989 3417 1105 3475 Anicia·

103 3505 149 3566 nis
175 3504 339 3585 lapicidinis
370 3508 447 3567 61166
469 3505 561 3567 lacum
584 3504 803 3567 Volsiniensem
823 3511 853 3564 et
874 3504 904 3561 in
925 3498 1104 3560 Statoniensi
