2510 3898
180 199 240 262 106
520 210 550 260 o.
572 210 668 258 unum
689 208 838 258 suonam

180 375 280 430 cautas
296 364 347 426 LX
364 365 509 427 columnas
525 364 565 427 bl.
582 365 682 427 Scauri
701 365 848 427 aedilitate
863 364 899 425 ad
921 382 1054 426 scaenam
1070 363 1182 426 theatri

180 451 347 531 temporarii
369 459 400 511 et
420 451 470 511 uin
489 469 589 512 mense
610 467 668 510 uuo
691 450 779 511 futuri
797 451 826 510 in
847 468 900 509 usu
915 449 1049 510 viderunt
1065 450 1181 528 portari

180 537 299 598 silentio
322 534 419 614 legum
426 577 436 612 ,
457 534 511 597 sed
528 534 652 614 publicis
672 535 801 594 nimirum
822 533 1006 612 indulgentes
1021 532 1181 612 voluptati·

180 621 243 682 bus.
279 619 309 680 id
329 621 422 699 ipsum
444 616 514 679 cur‘l
536 627 584 680 aut
607 636 662 697 qua
684 620 775 698 magis
791 619 838 679 uia
856 620 991 697 inrepunt
1006 619 1076 678 vitia
1092 635 1180 697 quam

181 704 319 785 publicai
334 721 391 783 quo
408 705 484 764 euim
498 704 556 765 alio
567 703 653 764 modo
670 704 699 763 iu
713 703 843 782 privatos
859 719 928 763 usus
948 719 1057 763 venere
1074 701 1205 779 ebora,s

155 797 300 864 taurum,
322 806 472 866 gemmae,
499 796 547 848 aut
563 787 630 866 quid
654 789 769 849 omniuo
791 786 843 847 dis·
858 782 1047 865 reliquimus?
1076 803 1181 846 verum

181 881 265 951 esto,
290 871 463 933 indulserint
491 871 615 951 publicis
637 871 853 951 voluptatibus,
880 871 1004 932 etiamne
1026 878 1181 930 tacuerunt

180 974 324 1018 maxumas
350 974 448 1017 earum
467 965 554 1036 atque
579 957 653 1018 adeo
673 954 983 1034 duodequadragenum
1005 954 1111 1034 pedum
1124 952 1181 1014 Lu-

181 1041 268 1103 cullei
280 1041 429 1101 marmoris
446 1041 476 1100 iu
489 1042 564 1101 atrio
581 1040 680 1101 Scauri
696 1037 865 1100 conlocari?
881 1057 936 1099 uec
951 1038 1024 1099 clam
1038 1038 1067 1099 id
1083 1037 1181 1098 occul·

183 1134 272 1204 teque
284 1124 392 1185 lactum
409 1133 464 1186 est.
486 1125 628 1186 satisdare
647 1125 703 1186 sibi
722 1123 815 1185 damni
831 1124 930 1184 inlecti
948 1121 1219 1201 coegitredcm·1o

183 1218 251 1289 ptor
263 1208 442 1287 cloacarum,
458 1227 522 1271 cunr
536 1210 566 1270 in
580 1209 719 1271 Palatium
735 1227 788 1270 eae
805 1207 998 1269 traherentur.
1029 1224 1088 1268 uon
1103 1223 1180 1284 crgo

180 1296 210 1355 iu
225 1302 281 1354 tam
295 1292 372 1355 malo
389 1293 524 1373 exemplo
539 1295 669 1356 moribus
690 1295 788 1354 caueri
804 1293 902 1354 utilius
917 1288 1035 1354 iuerat?
1057 1300 1180 1352 tacuere

180 1385 275 1439 tantas
289 1377 375 1438 molis
390 1380 420 1439 in
434 1381 574 1458 priuatam
589 1379 703 1440 domum
719 1377 793 1438 trabi
808 1385 928 1457 praetor
944 1375 1041 1438 lictilia
1057 1375 1180 1436 deorum

179 1463 305 1542 lastigie.

153 1591 170 1648 t
245 1583 274 1644 3.
297 1582 357 1662 (3.)
378 1580 442 1642 Nec
463 1589 563 1660 potest
584 1580 678 1642 videri
692 1579 817 1642 Scaurus
833 1579 896 1640 rudi
913 1579 1038 1640 etbuius
1054 1577 1219 1642 mollin-uc

182 1665 324 1746 providae
339 1666 450 1726 civitati
466 1665 637 1744 obrepsisse
659 1664 782 1743 quodam
804 1665 858 1725 viti
873 1665 1045 1725 rudimento.
1075 1663 1131 1723 iam
1146 1661 1179 1725 1..

181 1747 316 1810 Crassum
339 1758 486 1810 oratorem
500 1748 580 1809 illum
600 1751 649 1828 qni
674 1751 781 1828 primus
800 1750 950 1828 peregrini
965 1749 1115 1809 marmoris
1131 1764 1181 1809 co-

182 1833 291 1894 lumnas
308 1833 408 1894 habuit
423 1835 452 1894 in
468 1832 572 1894 eodem
587 1832 711 1911 Palatio,
728 1832 889 1910 Hymettias
907 1842 1002 1894 tamen
1016 1851 1072 1894 nec
1086 1831 1180 1912 pluris

181 1935 236 1978 sex
253 1925 301 1979 aut
320 1917 471 1995 longiores
486 1917 649 1979 duodenum
666 1917 787 1997 pedum,
801 1916 838 1979 bt.
853 1918 958 1979 Brutus
974 1919 1003 1978 iu
1019 1917 1120 1996 iurgiis
1140 1915 1179 1977 ob

152 2002 212 2068 eid
232 2001 381 2062 Venerem
400 2001 556 2063 Palatinam
580 2001 788 2082 appellaverat.
824 2003 955 2062 nimirum
975 2002 1031 2062 ista
1051 2003 1218 2064 omisereso

181 2086 311 2147 moribus
327 2087 429 2164 victis,
445 2087 610 2165 frustraque
629 2087 782 2148 interdicta
797 2104 871 2164 qnae
887 2095 1040 2147 vetuerant
1058 2103 1181 2147 cerneu-

182 2179 228 2232 tes
244 2170 336 2232 nullas
351 2172 449 2250 potius
466 2188 551 2250 quam
570 2172 671 2232 inritas
695 2190 764 2232 esse
779 2170 866 2249 leges
883 2170 1055 2232 maluerunt.
1099 2168 1180 2232 llaec

181 2263 268 2334 atque
285 2273 359 2334 quac
375 2263 514 2317 secuntur
527 2255 666 2318 meliores
681 2274 750 2318 esse
761 2273 816 2317 uos
833 2255 1005 2334 probabunt.
1025 2255 1090 2336 quis
1103 2255 1180 2316 enim

180 2339 268 2401 bodie
286 2347 427 2401 tantarum
446 2335 641 2402 columnarum
663 2341 766 2401 atrium
789 2336 898 2401 babet?
919 2340 971 2402 scd
991 2341 1072 2420 prius
1095 2356 1179 2418 quam

179 2425 216 2486 de
231 2425 421 2486 marmoribus
433 2424 560 2486 dicamus
575 2425 719 2486 bominum
731 2426 760 2485 iu
775 2426 811 2485 iis
827 2423 1003 2504 proferenda
1019 2424 1176 2486 iudicamus
1188 2443 1216 2486 sn

181 2511 293 2590 pretia,
309 2517 376 2570 aute
392 2511 481 2588 igitur
496 2510 624 2572 artifices
639 2510 889 2590 percensebimus.

155 2655 173 2710 9
246 2646 275 2704 4.
292 2645 335 2723 (4.
351 2646 395 2724 1.)
411 2642 557 2707 blarmore
573 2645 731 2724 scalpendo
746 2647 830 2726 primi
846 2647 968 2707 omnium
983 2643 1178 2705 inclaruerunt

181 2726 332 2807 Dipoenus
346 2737 376 2790 et
388 2727 495 2807 Scyllis
506 2731 597 2809 geniti
609 2729 639 2790 iri
652 2728 738 2792 Creta
748 2730 840 2791 insula
856 2731 1008 2792 etiamnum
1019 2727 1112 2789 bledis
1127 2727 1177 2786 im-

178 2812 349 2894 perantibus
365 2815 504 2893 priusque
519 2832 603 2893 quam
615 2812 708 2892 Cyrus
725 2813 865 2876 inPersis
880 2831 1004 2894 regnare
1022 2813 1177 2889 inciperet,

179 2897 237 2959 boc
261 2905 307 2960 est
327 2898 491 2977 olympiade
513 2900 632 2960 circiter
652 2897 682 2959 L.
726 2898 756 2959 hi
779 2898 934 2977 Sicyonem
955 2916 989 2958 se
1012 2894 1215 2975 contulerc,an

181 2999 255 3062 quae
280 2982 329 3042 diu
348 2983 402 3043 luit
424 2983 601 3045 officinarum
616 2984 740 3044 omnium
758 2983 856 3044 talium
873 2984 975 3063 patria.
1004 2982 1124 3043 deorum
1140 2981 1177 3041 si·

178 3065 304 3127 mulacra
332 3067 450 3145 publice
480 3067 706 3129 locaverant-iis
727 3066 872 3144 Sicyonii,
896 3085 971 3146 quae
992 3067 1073 3146 prius
1095 3083 1177 3145 quam

178 3149 404 3212 absolverentur
430 3152 557 3213 artifices
579 3153 710 3213 iniuriam
733 3153 830 3232 questi
860 3151 961 3214 abiere
989 3153 1019 3213 in
1040 3149 1175 3212 Aetolos.

135 3245 170 3300 10
181 3235 314 3315 protinus
330 3233 485 3312 Sicyonem
505 3236 596 3297 fames
612 3237 718 3296 invasit
733 3254 767 3297 ac
787 3236 928 3298 sterilitas
948 3253 1122 3316 maerorque
1137 3234 1178 3296 di-

177 3337 236 3379 rus.
290 3319 448 3380 remedium
474 3320 643 3398 petentibus
674 3319 784 3399 Apollo
811 3319 931 3399 Pythius
955 3319 1123 3400 respondit:
1152 3321 1212 3384 sias

179 3401 330 3482 Dipoenus
355 3412 385 3464 et
414 3403 519 3482 Scyllis
547 3403 668 3465 deorum
690 3405 841 3467 simulacra
863 3407 1077 3485 perfecissent,
1102 3403 1177 3482 quod

177 3489 289 3566 maguis
302 3486 487 3549 mercedibus
503 3487 713 3571 obsequiisque
725 3491 899 3570 inpetratum
911 3499 965 3552 est.
987 3491 1071 3550 luere
1084 3497 1177 3549 autem
