2510 3898
154 214 212 278 128
493 223 524 274 o.
544 223 640 272 aurun
663 222 814 271 snoounr

150 383 325 446 intenebris
346 385 450 444 tierent
469 399 543 462 quae
565 398 661 459 neque
683 379 797 459 concipi
814 379 909 440 animo
927 377 984 437 nisi
998 377 1034 438 ab
1052 380 1089 440 ils
1106 381 1156 459 qui

109 481 160 535 125
172 469 275 531 videre
293 487 388 548 neque
405 468 535 529 enarrari
551 466 674 528 humano
690 482 827 525 sermone
842 471 974 542 possunt.
1002 463 1067 544 [121
1083 463 1157 526 Mam

151 563 253 635 portus
270 553 415 614 Ostiensis
433 571 506 632 opus
522 559 698 630 praetereo,
714 553 785 611 item
801 551 864 609 vias
881 567 937 628 per
952 551 1066 609 montis
1076 553 1155 610 exci-

150 658 211 718 sas,
222 658 302 702 mare
319 637 527 716 Tyrrhenuma
542 635 666 697 Lucrino
683 635 808 696 molibus
824 634 982 712 seclusum,
999 642 1044 694 tot
1056 637 1156 714 pontis

151 726 239 787 tantis
259 723 404 803 inpendiis
427 725 529 784 factos.
567 730 598 782 et
620 722 698 782 inter
720 720 850 799 pluruma
871 719 926 780 alia
944 718 1047 780 Italiae
1061 721 1178 799 ipsiusc

150 809 287 871 miracula
303 809 489 869 marmorala
504 806 666 887 laprcrdrnrs
683 824 823 866 crescere
841 813 944 865 auctor
960 813 1007 865 εει
1021 802 1156 884 Papirius

150 895 295 956 Fabianus
327 902 448 954 naturae
469 911 567 954 rerum
589 892 802 970 peritissimus,
826 897 1015 968 exemptores
1039 905 1158 969 quoque

152 979 300 1041 adllrmant
316 979 449 1057 conpleri
464 986 571 1056 sponte
589 976 639 1036 illa
655 977 793 1036 montium
810 975 918 1035 ulcera.
951 993 1025 1053 quae
1042 976 1066 1034 si
1084 993 1157 1036 vera

151 1074 233 1144 sunt,
247 1083 317 1143 spes
334 1071 381 1124 εει
395 1081 546 1143 numquam
561 1061 695 1122 defutura
709 1061 849 1122 luxuriae.

110 1160 160 1216 126
237 1151 285 1212 16.
308 1149 389 1229 (25.)
412 1148 438 1207 Α
455 1147 646 1208 marmoribus
667 1144 851 1224 degredienti
870 1145 906 1206 ad
921 1145 1100 1224 reliquorum
1116 1144 1194 1206 la·1o

151 1237 249 1316 pidum
264 1235 387 1313 insignis
405 1243 523 1294 naturas
539 1234 603 1311 quis
619 1230 733 1293 dubitet
752 1233 782 1290 in
805 1232 906 1310 primis
924 1239 1088 1308 magnetem
1108 1249 1158 1293 oc-

151 1318 293 1382 currere?
308 1321 377 1399 quid
393 1321 469 1380 enim
484 1317 643 1380 mirabilius
658 1326 707 1378 aut
722 1334 777 1395 qua
789 1317 818 1376 in
829 1325 915 1396 parte
926 1325 1047 1377 naturae
1063 1317 1158 1377 maior

110 1425 143 1462 oo
152 1402 335 1486 inprobitas?
351 1404 472 1466 dederat
485 1421 590 1464 vocem
606 1403 704 1480 saxis,
723 1409 754 1461 ut
769 1400 911 1480 diximus,
928 1402 1159 1480 respondentem

151 1491 276 1567 homini,
301 1493 387 1551 immo
408 1507 481 1550 vero
510 1497 540 1550 et
563 1487 782 1568 obloquentem.
827 1487 896 1566 qnid
923 1485 1026 1566 lapidis
1054 1489 1157 1566 rigore

150 1574 285 1656 pigrius?
321 1593 392 1637 ecce
415 1593 520 1635 sensus
542 1591 700 1652 manusque
723 1572 825 1632 tribuit
845 1571 897 1632 illi.
933 1571 1000 1650 quid
1016 1573 1088 1634 lerri
1107 1572 1159 1633 du·
1169 1587 1195 1627 15

109 1672 159 1727 127
170 1663 236 1730 ritia
251 1657 433 1741 pugnacius?
454 1659 547 1738 pedes
567 1659 594 1718 el
609 1659 762 1737 inpertivit
782 1665 812 1718 et
827 1675 942 1736 mores,
963 1657 1086 1718 trahitur
1100 1675 1159 1718 rna-

150 1754 240 1824 gnete
272 1745 386 1824 lupide,
419 1745 616 1822 domitrixque
642 1743 693 1803 illa
716 1761 813 1804 rerum
835 1745 960 1804 cronium
980 1745 1102 1804 materia
1122 1743 1160 1804 ed

150 1835 237 1892 inane
253 1831 355 1890 nescio
372 1829 440 1908 quid
455 1831 546 1889 currit
564 1836 650 1906 atque
667 1836 697 1888 ut
712 1831 834 1908 propius
849 1831 930 1890 venit
945 1828 1060 1905 adsilit,
1076 1837 1159 1889 tene·

150 1925 198 1976 tur
213 1913 407 1993 amplexuque
422 1913 535 1974 haeret.
568 1914 710 1974 sideritim
726 1912 764 1974 ob
781 1914 810 1974 id
827 1915 885 1975 alio
901 1916 1018 1975 nornine
1040 1922 1158 1992 vocant,

150 1999 264 2080 quidam
275 1998 441 2060 Heraclion.
463 2017 583 2076 magnes
595 1999 758 2078 appellatus
773 2007 819 2060 est
830 1999 867 2060 ab
879 2001 1046 2077 inventore,
1062 2008 1093 2058 ut
1109 2017 1196 2059 auae

150 2095 216 2147 otor
232 2092 278 2145 est
293 2083 454 2161 Nicander,
470 2085 500 2144 in
517 2084 568 2145 lda
583 2094 739 2163 repertus,
762 2103 884 2165 namque
901 2093 931 2145 et
951 2087 1059 2164 passim
1076 2086 1158 2145 inve-

151 2171 315 2247 niuntur,in
325 2167 463 2248 Mlspania
475 2186 601 2249 quoque.
618 2171 767 2230 invenisse
780 2179 875 2231 autem
886 2172 980 2230 fertur
990 2169 1079 2230 clavis
1093 2188 1158 2229 cre·

151 2254 280 2334 pidarum
296 2254 449 2334 baculique
468 2255 589 2334 cuspide
602 2253 810 2334 haerentibus,
833 2274 896 2315 cum
911 2263 1038 2316 armenta
1054 2271 1158 2334 pasce·

108 2352 160 2407 128
173 2348 227 2402 ret.
250 2338 385 2418 Quinque
400 2357 512 2418 genera
524 2341 666 2418 magnetis
680 2339 803 2402 Sotacus
821 2341 1015 2401 demonstrat:
1034 2338 1158 2401 Aethio-

151 2429 246 2506 picum
268 2433 298 2486 et
320 2443 337 2485 a
353 2423 505 2504 Magnesia
520 2423 710 2486 Macedoniae
732 2428 912 2487 contermina
927 2425 963 2486 ab
979 2423 1075 2486 Elone
1089 2425 1158 2485 Bol-
1168 2445 1195 2486 aa

151 2511 209 2574 ben
231 2511 323 2571 lacurn
349 2511 520 2590 petentibus
542 2509 661 2587 dextra,
683 2513 800 2571 tertium
819 2513 848 2570 ln
865 2509 974 2588 Hyetto
1000 2510 1157 2589 Boeotiae,

151 2605 284 2676 quartum
301 2597 378 2655 circa
394 2594 602 2656 Alexandriam
621 2594 784 2674 Troadem,
808 2597 937 2674 quintum
958 2598 988 2656 in
1005 2593 1158 2674 Magnesia

151 2681 250 2742 Asiae.
287 2680 451 2741 differentia
473 2681 581 2759 prima,
608 2683 730 2742 messit
756 2701 791 2743 an
818 2683 941 2760 femina,
964 2698 1104 2761 proxuma
1126 2683 1158 2742 in

152 2766 265 2828 colore.
303 2784 367 2826 narn
391 2767 439 2842 qui
464 2767 494 2824 in
517 2764 669 2845 Magnesia
686 2765 874 2828 Macedonica
894 2768 1082 2846 reperiuntur
1102 2767 1158 2828 ruli

151 2853 286 2930 nigrique
310 2859 393 2926 sunt,
416 2849 534 2934 Boeotii
556 2869 629 2912 vcro
651 2853 704 2912 ruli
724 2851 833 2914 coloris
855 2851 921 2931 plus
945 2852 1053 2913 habent
1072 2870 1196 2931 quarnao

151 2938 236 3014 nigri.
280 2937 305 2994 is
329 2937 377 3012 qui
401 2932 516 2995 Troade
539 2937 687 2998 invenitur
707 2939 792 3016 niger
811 2947 857 2999 est
882 2947 911 2998 et
929 2939 1047 2998 feminei
1066 2955 1157 2998 sexus

151 3020 279 3099 ideoque
295 3021 360 3080 sine
377 3019 507 3096 viribus,
532 3021 706 3084 deterrimus
727 3032 822 3084 autem
838 3025 868 3084 in
882 3022 1034 3102 Magnesia
1052 3023 1157 3100 Asiae,

152 3103 289 3167 candidus
302 3122 399 3183 neque
415 3104 564 3167 attrahens
581 3107 690 3168 ferrum
707 3108 868 3187 similisque
883 3110 998 3188 pumici.
1032 3126 1158 3188 conper-
1230 3145 1234 3156 ·

110 3201 160 3256 129
174 3199 234 3250 tum
250 3198 330 3251 tanto
354 3190 494 3251 meliores
511 3211 581 3253 esse
604 3201 712 3272 quanto
734 3195 791 3254 sint
810 3196 902 3271 magis
923 3193 1061 3256 caerulei.
1096 3193 1157 3255 Ae·

152 3277 282 3355 thiopioo
300 3275 393 3355 palma
408 3275 491 3336 datur
505 3277 679 3357 pondusque
694 3287 817 3356 argento
833 3279 1012 3360 rependitur.
1043 3280 1157 3340 inveni·
1167 3299 1194 3341 es

152 3371 199 3422 tur
220 3361 267 3422 hio
285 3363 315 3422 in
343 3360 523 3441 Aethiopiae
547 3362 644 3424 Zmiri.
687 3365 726 3424 lta
747 3370 870 3425 vocatur
889 3367 975 3443 regio
998 3364 1156 3444 harenosa,

150 3448 191 3508 ibi
220 3456 250 3509 et
278 3446 450 3509 haematites
469 3466 589 3526 magnes
618 3451 770 3528 sanguinei
792 3449 902 3510 coloris
927 3451 1157 3530 sanguinemque

150 3532 293 3608 reddens,
309 3535 334 3594 si
351 3541 478 3607 teratur,
495 3533 547 3594 sed
565 3543 595 3596 et
609 3552 734 3596 crocum.
764 3537 793 3595 in
809 3535 981 3597 attrahendo
996 3537 1078 3597 ferro
1096 3553 1157 3597 non
