2468 3896
18 115 20 174 Ι
291 209 369 256 nnn.
392 207 481 256 ersa.
505 207 628 254 xxxur.
649 206 672 258 1.
690 193 806 272 (Η.)
1029 193 1048 253 5

18 435 19 438 ¹
54 365 131 423 miror
146 361 290 442 Tarquini
308 365 371 424 eius
389 373 510 424 statuam
524 365 589 424 siue
607 362 694 424 anulo
717 381 793 422 esse.
830 379 998 440 quamquam
1019 368 1049 420 et

18 453 19 488 ³
54 448 82 508 de
95 450 212 508 nomine
233 449 304 526 ipso
322 448 428 524 ambigi
445 449 539 509 video.
579 447 680 508 Graeci
704 445 834 523 adigitis
849 445 1048 524 appellavere,

54 530 114 609 apud
129 533 298 610 nospsisoi
314 531 449 608 ungulum
463 532 616 607 vocabant,
630 540 735 609 postea
749 539 780 590 et
793 528 896 590 Graeci
912 538 941 593 et
956 531 1048 590 nostri

54 615 214 690 symbolum.
252 615 356 693 longo
371 624 452 676 eerte
471 625 603 694 tempore
619 634 656 676 ue
672 623 801 677 sonatum
817 614 929 692 quidem
943 613 1047 674 Roma·
1059 623 1090 675 ll

40 715 104 758 snum
125 699 275 760 habuisse
301 717 406 760 aureos
427 701 693 775 manifestanter,
720 698 861 776 siquidem
881 699 917 758 iis
943 705 1048 757 tantum

53 784 89 860 qui
102 782 195 862 legati
213 784 254 844 ad
269 791 387 844 exteras
402 785 500 862 gentis
517 786 582 844 ituri
605 792 706 846 essent
720 783 795 846 anuli
811 782 928 860 publioe
944 781 1048 842 daban·

53 875 102 944 tur‚
122 867 240 944 eredo,
263 869 398 947 quoniam
415 871 455 928 ita
471 877 638 929 exterorum
655 867 871 930 honoratissimi
892 865 1048 942 intellege-

53 949 151 1011 lantur.
185 969 291 1030 neque
304 951 368 1012 aliis
382 955 420 1012 uti
434 971 497 1012 mos
512 953 566 1014 luit
580 971 663 1030 quam
678 953 727 1030 qui
740 970 778 1012 ex
790 969 920 1015 eaoausa
933 949 1048 1030 publice

53 1037 247 1112 accepissent,
273 1035 422 1115 volgoque
439 1039 483 1096 sio
499 1036 727 1114 triumphabant,
752 1045 782 1095 et
801 1054 864 1098 eum
882 1052 992 1098 corona
1010 1053 1049 1096 ex

32 1132 109 1178 namo
130 1119 266 1180 Etrusca
289 1121 483 1182 sustineretur
503 1139 518 1179 a
543 1129 646 1196 tergo,
669 1119 768 1180 anulus
794 1129 889 1183 tumen
911 1121 939 1180 in
955 1119 1047 1196 digito
1129 1125 1132 1134 '

52 1203 153 1264 ferreos
178 1213 249 1264 erat
275 1221 370 1282 aeque
391 1203 590 1284 triumphantis
616 1212 647 1264 et
670 1205 748 1264 servi
766 1205 894 1264 fortasse
912 1220 1048 1264 eoronam

52 1288 227 1348 sustinentis.
267 1289 311 1348 sio
331 1288 515 1367 triumphavit
536 1288 572 1349 de
587 1286 724 1366 iugurtha
740 1285 774 1347 G.
789 1287 896 1348 illarius
918 1306 1046 1348 aureum·
1058 1295 1091 1351 lu

54 1387 98 1447 que
111 1389 172 1431 non
186 1381 261 1432 ante
275 1374 392 1432 tertium
405 1372 583 1434 consulatum
601 1373 762 1451 sumpsisse
778 1371 909 1434 traditur.
932 1371 959 1432 hi
979 1389 1048 1448 quo·

52 1471 97 1530 que
113 1457 161 1534 qui
182 1457 226 1516 ob
244 1456 422 1533 legationem
444 1466 617 1535 acceperant
632 1473 738 1517 aureos
756 1457 786 1516 in
805 1454 923 1534 puhlieo
941 1463 1048 1515 tantum

32 1539 199 1600 sustantur
213 1542 270 1617 iis,
285 1541 361 1601 iutra
372 1541 472 1602 domos
485 1559 557 1602 vero
569 1542 674 1603 ferreis
684 1583 698 1618 ,.
709 1558 766 1618 quo
781 1547 949 1616 argumento
962 1540 1048 1600 etiam

53 1639 114 1682 nuno
133 1641 271 1703 sponsae
291 1626 416 1686 muueris
441 1627 504 1686 vioe
534 1626 648 1686 ferreus
675 1624 775 1684 anulus
797 1625 937 1697 mittitur,
964 1625 1048 1700 isque

53 1707 105 1766 sine
127 1726 258 1785 gemma.
301 1707 441 1786 Equidem
461 1727 517 1770 nee
535 1709 631 1769 lliaois
655 1709 835 1786 temporibus
856 1707 932 1768 ullos
954 1707 1047 1768 inisse

54 1791 142 1850 anulos
158 1793 266 1868 video,
278 1811 415 1870 nusquam
431 1801 512 1854 uerte
523 1792 665 1854 Homerus
678 1793 758 1871 dieit,
770 1811 833 1854 eum
849 1801 879 1852 et
894 1791 1047 1853 oodioillos

55 1875 206 1936 missitatos
227 1875 416 1956 epistularum
430 1879 523 1954 gratia
541 1878 648 1937 indicet
666 1885 696 1936 et
714 1876 844 1938 conditas
863 1878 937 1938 areis
955 1878 1046 1937 vestis

35 1969 81 2016 aas
93 1977 160 2020 vasa
175 1979 271 2022 aurea
286 1970 494 2039 argenteaque,
511 1969 541 2020 et
557 1979 606 2022 eas
623 1962 782 2039 conligatus
798 1961 878 2037 nodi,
895 1978 952 2022 non
969 1961 1045 2022 anuli

56 2051 118 2102 nou.
148 2047 256 2105 sortiri
277 2062 392 2123 quoque
408 2054 508 2106 oontra
524 2049 751 2124 provocationes
773 2045 863 2107 duces
882 2062 939 2106 non
954 2045 1046 2104 anulis

56 2127 136 2188 tradit.
175 2129 311 2190 labrioae
333 2131 417 2190 etiam
434 2130 517 2190 deum
543 2128 644 2210 libulas
664 2139 696 2190 et
716 2129 771 2190 alia
782 2129 935 2191 muliebris
952 2129 1046 2190 cultus

56 2211 119 2271 sicut
138 2214 254 2274 inauris
276 2214 305 2274 in
327 2213 483 2291 primordio
504 2215 671 2290 factitasse,
689 2215 753 2274 sine
774 2215 922 2277 mentione
948 2213 1046 2275 anulo·

55 2310 112 2354 mm.
148 2296 188 2356 Et
205 2298 338 2374 quisquis
355 2301 462 2376 primus
483 2299 608 2357 instituit
625 2306 792 2358 cunctanter
805 2296 834 2358 id
851 2292 938 2373 feeit,
954 2297 1045 2358 laevis
1056 2309 1094 2364 13-

35 2380 174 2441 tnauibus
193 2380 412 2458 latentibusque
428 2381 530 2459 induit,
548 2400 621 2458 oum,
640 2384 664 2442 si
682 2382 775 2442 honos
794 2399 915 2442 securus
930 2381 1045 2458 fuisset,

56 2459 145 2524 dextra
162 2466 257 2524 luerit
282 2465 481 2526 ostentandus.
519 2464 623 2543 quodsi
652 2465 878 2544 inpedimentum
899 2466 993 2542 potuit
1016 2467 1046 2526 in

58 2563 86 2604 so
99 2545 219 2626 aliquod
235 2549 385 2626 intellegi,
402 2550 487 2610 etiam
503 2551 625 2609 serioris
642 2567 709 2610 usus
724 2556 921 2626 argumentum
936 2558 998 2626 est,
1014 2558 1046 2610 et

57 2631 132 2691 maius
147 2636 177 2692 in
202 2633 286 2694 laeva
306 2634 412 2695 fuisset
430 2652 485 2711 qua
501 2642 612 2694 sentum
627 2635 747 2712 eapitur.
780 2641 827 2694 est
841 2631 956 2711 quidem
971 2634 1046 2712 apud

58 2716 167 2776 eundem
189 2715 347 2778 Homerum
365 2719 494 2777 virorum
516 2718 643 2778 crinibus
666 2736 763 2778 ausum
783 2715 948 2795 inplenum,
977 2718 1044 2778 ideo

37 2802 146 2860 suessio
158 2819 197 2860 an
213 2802 294 2878 prior
313 2819 381 2861 usus
399 2821 413 2862 a
430 2801 545 2863 feminis
562 2804 705 2882 eoeperit.
1000 2849 1002 2856 .

110 2885 167 2962 (5.)
188 2883 300 2946 Romae
316 2904 353 2946 ne
368 2885 422 2945 luit
436 2886 550 2963 quidem
566 2905 663 2947 aurum
675 2888 730 2946 nisi
744 2886 893 2947 admodum
908 2887 1043 2963 exigutmr
1056 2897 1087 2950 14

61 2962 135 3044 longo
155 2979 298 3047 tempore.
327 2978 408 3030 oerte
420 2989 482 3030 cum
495 2989 512 3030 a
524 2968 613 3030 Gallis
625 2979 709 3049 oapta
725 2971 798 3031 urbe
814 2988 871 3048 pax
887 2979 1043 3047 erneretur,

60 3065 106 3109 non
120 3053 185 3130 plus
200 3072 282 3133 qaam
293 3073 332 3114 00
344 3054 440 3131 pondo
455 3055 530 3115 elisi
546 3063 678 3132 potuere.
699 3073 754 3114 neo
764 3056 869 3130 ignoro
883 3072 963 3116 0000
974 3072 1049 3133 pon-v

62 3129 89 3190 do
101 3140 156 3196 auri
170 3139 286 3216 perisse
301 3135 422 3214 Pompei
435 3137 484 3198 lll.
495 3138 644 3200 oonsulatu
656 3137 836 3216 eCapitolini
848 3137 927 3200 lovis
940 3139 1015 3198 solio
1028 3157 1043 3198 a

39 3210 167 3281 alanino
180 3222 220 3281 ibi
233 3221 361 3298 condita,
378 3231 408 3281 et
418 3223 485 3282 ideo
499 3241 513 3281 a
525 3222 675 3301 plerisque
687 3224 845 3282 existimari
859 3224 1042 3301 ocoopondo

62 3301 169 3367 sonlata.
187 3306 239 3367 sed
252 3305 331 3384 quod
342 3308 468 3366 aeoessit
481 3325 520 3367 ex
532 3304 676 3368 Gallorum
689 3307 796 3384 praeda
806 3307 861 3367 luit
871 3307 1043 3370 detractum·

64 3400 109 3460 que
121 3389 154 3449 ab
170 3390 206 3450 iis
223 3392 253 3451 iu
268 3397 353 3469 parte
374 3399 477 3467 oaptae
496 3391 576 3450 urlris
598 3391 736 3451 delubris.
776 3389 874 3452 Gallos
888 3409 954 3458 ‚oum
972 3408 1042 3450 auro
1053 3404 1085 3454 15

63 3484 176 3547 pugnare
199 3474 306 3536 solitos
326 3471 489 3552 Torquatus
506 3473 613 3534 indioio
631 3483 694 3534 ests
722 3475 842 3554 adparet
859 3494 931 3552 ergo
949 3473 1043 3532 Gallo·
