2468 3896
302 225 381 273 uun.
403 225 493 276 urar.
515 229 622 277 xxxa.
640 227 725 282 4—6.
748 217 897 298 (ιο-19.)
1053 219 1092 282 73

84 381 166 441 dere.
215 381 318 443 eadem
348 383 450 444 adusta
478 387 568 446 siccat
596 386 747 447 scabritias
777 387 942 465 oculorum,
975 407 992 449 e
1023 389 1092 448 uino

82 483 229 528 maxume.

147 552 233 631 (14.)
254 551 399 614 Rubricae
413 571 506 631 genus
528 556 558 615 in
575 575 609 617 ea
626 555 747 618 voluere
763 558 896 637 intellegi
915 558 1029 636 quidam
1045 577 1090 619 se·
1101 570 1136 624 33

83 637 196 697 candae
220 640 421 717 auctoritatis,
450 640 568 718 palmam
587 643 663 701 enim
683 640 820 703 Lemniae
841 643 957 704 dabant.
1003 643 1091 703 minio

64 738 227 800 sproxuma
251 721 324 783 haec
346 731 409 802 est,
441 724 559 785 multum
584 727 708 806 antiquis
735 727 883 789 celebrata
910 747 973 788 cum
998 727 1091 788 insula

83 807 110 866 in
134 824 191 884 qua
215 809 352 869 nascitur.
398 827 453 870 uec
473 811 529 870 nisi
553 811 666 888 signata
688 812 931 889 venumdabatur,
953 812 1029 873 unde
1062 821 1091 872 et

83 890 273 970 sphragidem
299 893 498 972 appellavere.
542 895 596 955 hac
616 897 731 956 minium
747 897 894 958 sublinunt
916 897 1092 958 adulterant·

83 993 148 1054 que.
193 975 227 1036 ln
249 977 391 1039 medicina
411 975 567 1058 praeclara
585 1000 633 1041 res
658 981 789 1041 habetur.
829 982 987 1062 epiphoras
1013 983 1135 1048 enimse

84 1060 237 1120 oculorum
259 1063 372 1140 mitigat
396 1081 431 1124 ac
446 1063 566 1126 dolores
592 1066 750 1127 circumlita
765 1075 796 1127 et
810 1067 958 1147 aegilopia
973 1085 1090 1128 manare

55 1145 241 1223 loprohibet‚
263 1149 433 1224 sanguinem
459 1150 650 1210 reicientibus
672 1169 710 1210 ex
730 1160 815 1212 aceto
846 1152 930 1212 datur
955 1151 1089 1212 bibenda.

83 1230 194 1290 bibitur
216 1238 249 1290 et
266 1240 368 1292 contra
386 1232 492 1295 lienum
509 1235 679 1312 reniumque
696 1237 765 1296 vitia
788 1244 818 1297 et
836 1238 1026 1316 purgationes
1049 1236 1091 1296 le·

82 1316 239 1393 minarum,
262 1318 332 1377 item
358 1326 389 1378 et
414 1328 515 1379 contra
536 1337 650 1380 venena
670 1328 701 1379 et
725 1323 904 1400 serpentium
933 1323 1006 1382 ictus
1033 1329 1090 1382 ter-

82 1401 221 1461 restrium
237 1403 491 1482 marinorumque,
508 1405 640 1465 omnibus
654 1405 723 1464 ideo
738 1406 874 1466 antidotis
888 1405 1045 1466 familiaris.

145 1485 230 1564 (15.)
253 1484 277 1545 Ε
294 1486 416 1566 reliquis
434 1488 570 1550 rubricae
585 1489 745 1567 generibus
762 1491 852 1550 labris
869 1490 1088 1550 utilissimahe·
1099 1501 1134 1554 35

55 1573 185 1651 aegyptia
202 1579 233 1630 et
245 1570 402 1650 Africana,
418 1575 553 1652 quoniam
565 1591 697 1634 maxume
713 1574 880 1636 sorbentur.
906 1575 1028 1654 picturis
1043 1593 1090 1632 au-

82 1665 139 1715 tem
157 1658 291 1715 nascitur
306 1664 338 1716 et
359 1658 388 1716 in
404 1658 535 1718 ferrariis
550 1658 685 1720 metallis.

141 1741 228 1819 (16.)
251 1739 297 1800 Ex
315 1759 350 1802 ea
367 1741 399 1801 lit
414 1741 520 1821 ochra,
544 1751 647 1804 exusta
662 1743 777 1804 rubrica
793 1744 823 1802 iu
839 1742 906 1803 ollis
924 1744 1008 1804 novis
1027 1742 1089 1802 luto

82 1824 260 1885 circumlitis.
300 1843 359 1904 quo
378 1829 469 1905 magis
485 1829 557 1888 arsit
572 1829 601 1887 in
617 1830 752 1906 caminis,
773 1827 829 1889 hoc
845 1827 957 1888 melior.
997 1829 1089 1888 omnis
1175 1880 1178 1886 .

83 1918 178 1970 autem
197 1909 315 1971 rubrica
332 1912 423 1972 siccat
442 1905 570 1992 ideoque
586 1913 750 1992 emplastris
768 1915 906 1973 convenit
923 1922 953 1973 et
968 1913 1028 1990 igni
1047 1920 1089 1971 et·

58 2012 135 2054 uotam
152 2012 251 2055 sacro.

144 2079 228 2160 (17.)
251 2079 399 2159 Sinopidis
427 2079 565 2142 Ponticae
595 2080 721 2159 selibra,
753 2082 816 2142 silis
838 2081 924 2142 lucidi
953 2080 1036 2142 libris
1059 2078 1132 2146 Χ36

86 2172 113 2224 et
133 2161 236 2223 blelini
260 2163 434 2226 Graeceusis
461 2164 570 2226 duabus
591 2168 688 2226 mixtis
714 2167 849 2246 tritisque
872 2185 928 2228 una
949 2184 1003 2245 per
1025 2165 1088 2226 dies

85 2246 136 2308 llll
159 2247 372 2328 leucophorum
388 2251 427 2312 ht.
470 2249 527 2310 hoc
543 2259 589 2312 est
610 2251 750 2328 glutinum
771 2252 849 2328 auri,
868 2269 931 2312 cum
947 2251 1089 2312 inducitur

86 2333 173 2410 ligno.

58 2431 78 2472 es
145 2415 230 2499 (18.)
253 2417 454 2480 Paraetonium
476 2418 533 2480 loci
548 2436 654 2480 nomen
675 2418 764 2480 habet
781 2438 819 2479 er
833 2420 982 2498 Aegypto.
1023 2436 1089 2496 spu-

85 2521 154 2562 mam
172 2504 261 2563 maris
278 2522 347 2564 esse
361 2503 459 2564 dicunt
474 2503 625 2564 solidatam
643 2521 706 2564 cum
721 2503 806 2581 limo,
824 2511 855 2564 et
875 2503 943 2564 ideo
959 2502 1087 2563 conchae

85 2589 210 2648 minutae
231 2589 417 2648 inveniuntur
438 2589 468 2648 in
491 2605 537 2649 eo.
569 2588 600 2647 ht
616 2597 646 2648 et
663 2590 693 2648 in
710 2586 799 2649 Creta
817 2587 911 2648 insula
927 2597 1014 2666 atque
1033 2585 1089 2664 Cy-

85 2673 172 2734 renis.
205 2671 386 2734 adulteratur
400 2671 511 2734 Romae
523 2681 604 2733 creta
617 2669 738 2733 Cimolia
753 2673 875 2734 decocta
890 2674 1086 2751 conspissata-

85 2775 147 2835 quc.
178 2758 305 2836 pretium
326 2766 445 2836 optumo
467 2759 497 2818 in
519 2756 616 2836 pondo
637 2776 692 2818 sex
711 2755 739 2816 X
764 2772 793 2819 n.
837 2777 854 2818 e
882 2757 1013 2818 candidis
1039 2775 1087 2817 co-

58 2842 196 2903 oloribus
218 2843 437 2922 pinguissimum
465 2851 496 2903 et
522 2845 629 2903 lectori
651 2843 865 2904 tenacissimum
897 2850 1021 2922 propter
1045 2841 1087 2902 le·

85 2944 193 2987 vorem.

144 3011 226 3092 (19.)
246 3010 384 3072 Melinum
402 3011 550 3072 candidum
564 3021 593 3071 et
609 3013 701 3091 ipsum
716 3020 779 3090 est,
796 3021 941 3091 optumum
957 3011 986 3071 in
1005 3007 1084 3070 Melo
1096 3017 1129 3076 37

87 3095 193 3172 insula,
217 3097 247 3157 in
268 3096 353 3157 Samo
376 3114 493 3176 quoque
516 3098 651 3157 nascitur.
685 3115 722 3158 eo
745 3110 803 3157 nou
818 3104 936 3156 utuntur
956 3097 1087 3176 pictores

87 3189 207 3258 propter
223 3181 338 3242 nimiam
355 3181 592 3260 pinguitudinem.
632 3181 808 3243 adcubantes
826 3180 966 3241 effodiunt
986 3180 1027 3240 ibi
1046 3182 1088 3240 in·

59 3272 131 3325 aster
145 3284 215 3327 saxa
231 3284 335 3327 venam
350 3275 524 3328 scrutantes.
563 3269 592 3326 in
607 3267 748 3328 medicina
765 3266 894 3326 eundem
904 3284 985 3326 usum
1000 3265 1088 3326 habet

91 3367 171 3427 quern
192 3349 311 3411 Eretria
332 3359 422 3412 creta.
457 3358 612 3430 praeterea
631 3352 757 3429 linguam
774 3360 851 3412 tactu
873 3352 971 3411 siccat.
1010 3350 1087 3428 pilos

91 3433 228 3512 detrabit,
243 3436 363 3514 mitigat.
395 3436 519 3514 pretium
537 3437 566 3495 in
582 3435 671 3496 libras
688 3438 819 3496 sestertii
836 3435 950 3513 singuli.
971 3433 1087 3493 Tertius

92 3535 107 3576 e
126 3519 251 3580 candidis
274 3520 358 3581 colos
380 3529 427 3581 est
444 3537 583 3595 cerussa,
605 3523 686 3580 cuius
703 3522 845 3581 rationem
860 3521 889 3578 in
904 3517 1012 3598 plumbi
1028 3533 1086 3574 me·
