2510 3898
150 225 189 288 84
494 226 797 279 c.rnrrr1sucurr1›1

108 404 140 458 91
158 409 216 451 non
239 398 284 451 est
304 388 389 449 iacile
415 386 500 447 dictu.
546 385 610 462 [151
632 382 779 445 Venerem
801 388 956 441 exeuntem
976 397 992 438 e
1013 379 1086 438 mari
1109 378 1149 439 di·

150 494 204 536 vos
220 474 369 552 Augustus
387 471 492 532 dicarit
514 470 544 529 in
561 467 684 528 delubro
704 467 793 545 patris
816 461 969 541 Caesaris,
986 479 1061 541 quae
1083 479 1149 522 ana-

152 560 295 637 dyomene
310 564 448 632 vocatur,
463 553 598 615 versibus
611 550 730 612 Graecis
745 549 794 610 tali
808 566 918 628 opere,
930 547 994 608 dum
1005 546 1149 622 laudatur,

151 635 233 704 victo
252 641 304 702 sed
322 640 491 715 inlustrato,
510 638 591 698 cuius
606 635 775 696 inferiorern
793 642 904 713 partem
920 639 1086 709 corruptam
1100 634 1150 709 qui

151 728 288 788 reliceret
313 741 370 785 non
397 724 491 802 potnit
519 721 662 800 reperiri,
691 736 790 780 verum
813 719 877 796 ipsa
893 717 993 776 iniuria
1010 716 1102 775 cessit
1122 717 1171 776 ins

151 811 275 888 gloriam
295 808 422 869 artificis.
458 806 611 867 consenuit
624 803 697 864 haec
711 802 807 862 tabula
823 803 918 877 carie,
934 799 1076 878 aliamque
1095 817 1150 877 pro

108 903 189 956 ilica
209 893 358 953 substituit
373 889 454 951 Nero
475 891 638 969 principatu
658 904 711 948 suo
726 885 870 948 Dorothei
891 901 983 944 mann.
1024 882 1150 961 Apelles

151 976 340 1037 inchoaverat
360 983 390 1035 et
409 974 491 1034 aliam
505 973 653 1034 Venerem
670 969 723 1031 Goi
742 978 929 1049 superaturus
948 969 1050 1028 lamam
1072 966 1152 1026 illam

154 1078 230 1121 suam
252 1061 390 1139 priorem.
427 1057 528 1118 inridit
549 1075 628 1117 mors
647 1063 765 1135 peracta
787 1062 887 1134 parte,
909 1069 964 1113 nee
980 1053 1027 1130 qui
1050 1069 1152 1112 succe-

154 1147 238 1203 deret
256 1145 339 1222 operi
364 1143 398 1203 ad
419 1141 599 1222 praescripta
616 1141 780 1201 liniamenta
800 1144 935 1201 inventus
959 1147 1014 1200 est.
1051 1141 1147 1218 pinxit
1161 1153 1186 1194 1o

154 1235 185 1287 et
201 1226 397 1288 Alexandrum
416 1225 549 1304 Magnum
568 1225 675 1286 iulmen
698 1233 846 1287 tenentem
868 1226 897 1284 in
920 1222 1029 1302 templo
1047 1221 1151 1303 Ephe·

154 1313 215 1372 siae
231 1311 341 1373 Dianae
357 1313 460 1391 viginti
483 1311 600 1371 talentis
617 1311 689 1371 auri.
719 1309 801 1388 digiti
819 1310 949 1370 eminere
965 1307 1102 1369 videntur
1119 1317 1150 1370 et

153 1396 260 1457 fulmen
276 1405 359 1457 extra
374 1397 497 1457 tabulam
513 1415 580 1457 esse
596 1395 787 1474 —legentes
805 1395 988 1455 meminerint
1003 1393 1099 1454 ornnia
1115 1413 1150 1455 ea

153 1490 290 1558 quattuor
299 1481 449 1543 coloribus
460 1483 535 1543 lacta
546 1512 598 1560 -,
608 1481 807 1560 manipretium
822 1482 885 1540 eins
899 1478 1013 1539 tabulae
1026 1479 1056 1537 in
1072 1495 1150 1539 num-

101 1574 136 1628 93
152 1583 199 1624 mo
212 1583 302 1626 aureo
317 1583 452 1628 mensura
467 1567 591 1645 accepit,
603 1583 661 1626 non
673 1583 802 1625 numero.
825 1565 893 1705 [16ί1>
904 1565 995 1642 pinxit
1009 1571 1040 1623 et
1049 1561 1150 1641 lllega·
1161 1585 1182 1624 rs

149 1646 216 1722 brui
236 1647 397 1707 sacerdotis
414 1647 524 1707 Dianae
538 1646 685 1726 Ephesiae
702 1663 852 1726 pompam,
894 1645 974 1705 litum
992 1661 1055 1703 curn
1072 1661 1149 1722 equo

151 1729 185 1788 ad
207 1731 315 1790 bellum
334 1733 536 1808 festinantem,
565 1731 677 1808 galeam
702 1731 836 1809 poscenti
858 1731 1030 1806 armigerum
1057 1730 1150 1807 porri·

150 1822 278 1889 gentem.
316 1812 510 1873 Alexandrum
532 1823 561 1873 et
583 1813 745 1893 Philippum
769 1815 905 1892 quotiens
926 1812 1054 1893 pinxerit
1080 1831 1151 1872 enu-

150 1915 263 1957 merare
285 1915 492 1976 supervacuum
514 1906 568 1961 est.
605 1899 742 1958 mirantur
764 1900 825 1958 eius
845 1896 1010 1958 Habronem
1025 1895 1102 1956 Sami
1120 1903 1150 1957 et

152 1979 336 2041 Menandrum
363 1999 463 2059 regem
485 1980 587 2042 Cariae
609 1980 724 2057 Rhodi,
748 1984 817 2042 item
832 1982 992 2057 Antaeum,
1020 1979 1184 2041 Alexan-eo

151 2064 239 2125 dreae
256 2064 480 2143 Gorgosthenen
501 2065 688 2144 tragoedum,
705 2065 816 2127 Rornae
832 2063 985 2126 Castorem
1007 2072 1037 2124 et
1051 2063 1151 2124 Pollu-

151 2167 212 2208 cem
228 2167 290 2208 cum
309 2148 439 2210 Victoria
456 2159 486 2210 et
501 2150 669 2210 Alexandro
686 2148 809 2228 lllagno,
825 2152 893 2211 item
905 2148 979 2210 Belli
996 2149 1151 2226 imaginem

151 2234 294 2293 restrictis
311 2233 345 2293 ad
359 2242 441 2312 terga
455 2235 602 2312 manibus,
617 2233 786 2295 Alexandro
799 2236 827 2295 in
843 2252 928 2295 curru
943 2231 1150 2311 triumphante,

107 2324 143 2380 94
154 2334 223 2394 quas
244 2326 379 2396 utrasque
397 2318 507 2380 tabulas
529 2318 611 2379 diros
634 2317 783 2396 Augustus
801 2321 831 2378 in
849 2320 904 2380 lori
922 2319 966 2378 sui
987 2316 1150 2378 celeberri-

149 2401 202 2462 mis
220 2402 350 2480 partihus
367 2403 513 2464 dicaverat
528 2403 710 2483 simplicitate
724 2403 889 2480 moderata,
911 2402 994 2462 divos
1012 2399 1184 2466 Claudiusse

149 2483 241 2565 pluris
263 2487 437 2547 existimavit
458 2489 589 2567 utrisque
609 2488 707 2547 excisa
728 2487 885 2548 Alexandri
911 2488 986 2547 facie
1009 2485 1066 2545 diri
1088 2486 1150 2546 Au·

149 2571 225 2646 gusti
243 2571 382 2647 imagines
404 2570 521 2632 addere.
561 2570 688 2632 eiusdem
705 2572 879 2631 arbitrantur
893 2589 1004 2631 manum
1026 2589 1096 2631 esse
1118 2579 1150 2631 et

149 2655 177 2712 in
195 2653 339 2713 Antoniae
360 2654 469 2734 templo
484 2653 639 2717 Herculem
659 2673 809 2733 aversum,
835 2663 882 2733 ut,
910 2655 987 2735 quod
1011 2662 1057 2714 est
1075 2653 1148 2715 dilli·

149 2736 302 2814 cillimum,
324 2738 426 2798 faciem
448 2741 511 2799 eius
527 2740 661 2800 ostendat
679 2742 777 2800 verius
797 2741 909 2819 pictura
930 2757 1011 2818 quam
1027 2742 1148 2817 promit-

150 2828 200 2882 tat.
232 2821 325 2899 pinxit
348 2830 377 2881 et
398 2820 488 2883 heroa
510 2823 629 2903 nudum,
654 2842 746 2902 eaque
769 2826 880 2904 pictura
904 2833 1032 2884 naturam
1055 2825 1148 2903 ipsam
1157 2849 1183 2888 ao

106 2914 139 2968 95
151 2907 332 2984 provocavit.
351 2906 415 2986 [til
425 2916 471 2967 est
484 2916 514 2969 et
527 2926 595 2968 ecus
608 2910 670 2970 eius
684 2911 747 2968 sive
759 2909 814 2969 luit
827 2910 921 2988 pictus
933 2910 962 2968 in
977 2909 1148 2987 certamino,

149 3007 206 3068 quo
222 2989 355 3050 iudicium
372 2991 406 3050 ad
422 3001 513 3053 mutas
528 2993 721 3072 quadripedes
736 2995 908 3072 provocavit
923 2993 958 3053 ab
971 2992 1147 3054 hominihus.

148 3090 270 3150 namque
294 3073 400 3134 ambitu
418 3065 589 3155 praevalere
612 3077 741 3139 aemulos
757 3080 888 3138 sentiens
904 3076 1082 3155 singulorum
1104 3080 1165 3156 pi·‘

148 3163 243 3216 cturas
262 3156 384 3218 inductis
408 3163 490 3238 equis
507 3161 649 3238 ostendit,
670 3161 785 3240 Apellis
800 3170 907 3222 tantum
924 3179 1001 3240 equo
1018 3161 1147 3222 adhinni-

148 3259 238 3317 vere,
256 3240 344 3319 idque
360 3251 390 3304 et
404 3253 509 3323 postea
526 3263 643 3325 semper
663 3247 778 3324 evenit,
801 3255 832 3306 ut
850 3248 1079 3326 experimentum
1099 3265 1179 3314 ar-as

101 3332 138 3388 ‘o
152 3326 188 3382 tis
204 3323 272 3384 illud
290 3334 493 3389 ostentaretur.
527 3330 597 3390 iecit
613 3339 643 3390 et
659 3328 882 3408 Neoptolemum
898 3349 935 3392 ex
951 3349 1027 3409 equo
1043 3331 1145 3392 adver-

148 3426 196 3467 sus
208 3408 332 3487 Persas,
351 3410 523 3473 Archelaum
540 3432 601 3474 cum
616 3431 708 3474 uxore
724 3423 752 3474 et
768 3414 841 3492 lilia,
856 3414 1031 3493 Antigonum
1047 3414 1143 3478 thora·
1206 3399 1230 3459 ⁰

146 3501 237 3553 catum
267 3511 329 3553 cnm
359 3514 434 3574 equo
459 3497 651 3560 incedentem.
694 3499 851 3577 peritiores
878 3501 948 3559 artis
974 3499 1143 3578 praeferunt
