2468 3896
305 210 385 258 aaa.
408 210 499 259 msa.
520 211 658 260 xxxrrn.
682 207 767 264 3-6.
792 197 921 278 (t-11.)
1074 200 1114 260 37

1 361 2 374 ¹
109 364 192 442 lare,
209 372 355 426 utcontra
366 364 494 426 Romana
511 384 544 426 ac
558 367 689 429 militaris
706 367 839 427 thoracas
856 365 973 427 addere.
1005 364 1114 428 Cacsar

111 449 229 530 quidem
247 449 373 510 dictator
395 450 544 511 loricatam
559 451 615 512 sibi
631 451 719 512 dicari
739 452 768 510 in
785 451 851 511 ioro
867 467 920 510 suo
939 469 1041 529 passus
1059 461 1114 515 cst.

110 551 177 594 nam
192 532 393 612 Lupercorum
407 533 507 596 babitu
532 543 586 595 tam
602 537 734 596 noviciae
751 543 817 596 sunt
833 551 915 613 quam
934 553 1007 614 quae
1023 554 1115 614 nuper

111 619 254 698 prodiere
274 618 407 698 paenulis
433 618 557 680 indutae.
596 618 743 680 Mancinus
767 637 804 680 eo
826 615 925 681 habit'u
942 621 997 680 sibi
1015 622 1114 680 statuit

0 708 1 717 ’
89 720 173 780 squo
186 701 301 764 deditus
316 703 421 763 fuerat.
443 711 570 764 notatum
587 704 622 764 ab
644 703 809 764 auctoribus
824 702 899 764 eth.
918 703 1027 764 Attium
1041 715 1157 784 poe-19

112 797 171 848 tam
185 789 214 846 in
228 784 415 848 Camenarum
430 786 505 849 aedo
520 806 649 850 maxuma
660 789 752 850 forma
763 796 882 850 statuam
898 788 953 848 sibi
967 790 1114 867 posuisse,

113 889 179 932 cum
205 871 306 932 brevis
328 870 476 933 admodum
491 869 605 934 luisset.
643 882 798 952 equestres
813 873 913 950 utique
929 881 1040 934 statuae
1056 872 1115 933 Ro·

113 973 226 1016 manam
243 956 473 1017 celebrationem
487 955 595 1018 babent
617 966 684 1018 orto
705 959 768 1018 sine
789 956 876 1017 dubio
897 974 912 1017 a
930 955 1048 1019 Graecis
1066 977 1115 1017 ex·

113 1040 234 1119 emplo,
259 1039 312 1101 sed
332 1039 375 1100 illi
398 1040 508 1101 celetas
529 1049 636 1102 tantum
658 1041 792 1102 dicabant
813 1043 842 1101 in
862 1043 952 1104 sacris
974 1044 1113 1118 victores,

78 1133 221 1204 ropostea
244 1142 316 1186 vero
338 1133 368 1185 et
394 1127 441 1203 qui
464 1125 542 1203 bigis
562 1125 610 1188 vel
632 1125 779 1204 quadrigis
802 1127 951 1188 vicissent.
988 1125 1062 1187 unde
1085 1135 1114 1186 et
1159 1125 1162 1132 '

111 1211 208 1270 nostri
233 1227 333 1270 currus
355 1208 413 1269 nati
428 1211 507 1269 iniis
523 1210 570 1288 qui
587 1209 850 1290 triumphavissent.
882 1230 978 1272 serum
994 1210 1069 1288 hoc,
1084 1218 1114 1271 et

110 1295 139 1354 in
156 1293 202 1354 his
218 1294 344 1354 nonnisi
362 1313 378 1355 a
393 1292 461 1354 divo
476 1293 612 1372 Augusto
626 1296 761 1372 seiuges,
779 1296 853 1355 sicut
871 1294 1028 1374 elephanti.

178 1375 208 1458 (l
221 1379 261 1458 1.)
277 1376 343 1438 Non
359 1387 443 1438 vetus
457 1387 488 1440 et
502 1379 632 1457 bigarum
647 1379 808 1439 celebratio
820 1380 897 1440 iniis
910 1381 957 1458 qui
975 1387 1111 1458 praetura
1122 1389 1158 1443 lt

109 1462 203 1523 iuncti
220 1477 304 1522 curru
321 1463 398 1524 venti
416 1473 516 1525 essent
531 1481 584 1542 per
599 1465 723 1540 circum,
744 1464 889 1542 antiquior
910 1463 1113 1540 columnarum,

75 1566 101 1609 aa
110 1548 199 1607 sicuti
222 1543 254 1607 C.
273 1544 387 1607 blaenio
411 1549 457 1625 qui
476 1549 589 1627 priscos
617 1549 766 1608 devicerat
783 1547 920 1624 Latinos,
949 1548 1052 1626 quibus
1077 1566 1114 1607 eu

109 1630 238 1693 loedere
254 1632 355 1692 tertias
372 1630 498 1711 praedae
512 1631 636 1712 populus
647 1631 793 1706 Romanus
809 1631 988 1712 praestabat,
999 1632 1113 1693 eodem-

110 1733 171 1796 que
190 1717 221 1775 in
236 1715 388 1777 consulatu
405 1717 434 1776 in
451 1725 593 1794 suggestu
608 1725 705 1778 rostra
720 1716 844 1777 devictis
860 1716 1026 1777 Antiatibus
1043 1717 1113 1777 lixe-

108 1808 157 1860 rat
180 1817 255 1862 auno
277 1799 358 1861 urhis
375 1797 556 1862 ccccxvl.
579 1802 648 1862 item
663 1799 734 1862 Caio
749 1800 847 1862 Duilio
865 1803 912 1881 qui
938 1803 1045 1880 primus
1067 1819 1113 1861 na-

109 1884 207 1946 valem
221 1884 392 1964 triumphum
406 1887 467 1964 egit
478 1885 513 1947 de
527 1884 646 1963 Poenis,
662 1904 735 1964 quae
748 1894 794 1947 est
806 1888 893 1948 etiam
905 1904 979 1947 nunc
991 1888 1020 1946 in
1032 1888 1110 1965 loro,
1121 1896 1153 1952 ll

76 1971 183 2035 mitem
195 1968 227 2031 h.
240 1967 367 2030 llinucio
383 1969 534 2048 praelecto
547 1988 678 2031 annonae
694 1979 776 2031 extra
792 1980 903 2050 portam
921 1969 1113 2049 Trigeminam

111 2055 243 2116 unciaria
258 2056 336 2133 stipe
352 2054 465 2115 conlata
481 2057 638 2117 —nescio
657 2074 693 2116 an
716 2056 809 2134 primo
825 2055 937 2116 honore
962 2055 1011 2115 tali
1030 2076 1046 2117 a
1062 2073 1113 2135 po·

110 2139 195 2218 pulo,
213 2146 297 2200 antea
313 2139 388 2199 enim
404 2149 606 2201 asenatuerat
621 2175 670 2218 -,
683 2139 831 2218 praeclara
847 2159 907 2218 res,
926 2141 980 2201 nisi
996 2140 1111 2201 irivolis

110 2224 267 2302 coepisset
281 2225 381 2285 initiis.
403 2242 523 2304 namque
542 2233 572 2286 et
583 2223 646 2285 Atti
657 2222 729 2284 Navi
744 2233 835 2284 statua
854 2225 907 2285 luit
924 2233 990 2285 ante
1006 2227 1113 2285 curiam

112 2341 151 2356 -
166 2308 246 2368 basis
258 2309 321 2370 eius
334 2307 523 2388 conllagravit
535 2311 614 2371 curia
624 2311 743 2370 incensa
753 2307 837 2368 Publi
851 2306 932 2370 Clodi
944 2310 1047 2370 lunare
1060 2345 1113 2386 -,

77 2392 166 2454 aluit
181 2401 213 2453 et
227 2391 399 2454 Hermodori
416 2391 536 2472 Ephesii
554 2396 583 2454 in
599 2395 734 2470 comitio,
755 2393 852 2471 legum
870 2411 941 2472 quas
955 2393 1111 2454 decemviri

109 2476 282 2538 scribebant
294 2479 478 2556 interpretis,
494 2479 611 2557 publice
626 2478 726 2539 dicata.
756 2477 812 2538 alia
829 2495 926 2554 causa,
943 2477 998 2537 alia
1011 2486 1108 2539 aucto·
1120 2489 1154 2542 ᾗ

109 2563 182 2622 ritas
194 2559 296 2622 llorati
310 2557 431 2623 Coclitis
450 2571 574 2644 statuae,
590 2581 663 2641 quae
675 2562 757 2624 durat
771 2560 928 2641 hodieque,
944 2580 1006 2622 cum
1018 2562 1111 2623 hostis

109 2665 125 2706 a
144 2654 235 2726 ponte
251 2646 375 2707 sublicio
392 2647 473 2708 solus
490 2649 643 2712 arcuisset.
680 2645 814 2725 equidem
836 2656 866 2708 et
882 2645 1012 2726 Sibyllae
1034 2649 1113 2707 iuxta

110 2740 212 2792 rostra
242 2749 310 2792 esse
333 2749 391 2793 non
412 2733 519 2810 miror,
545 2741 607 2794 tres
630 2733 687 2792 siut
708 2731 792 2791 licet:
820 2750 875 2792 una
905 2749 986 2810 quam
1005 2731 1111 2794 Sextus

79 2816 236 2877 toPacuius
255 2813 365 2877 Taurus
382 2815 444 2879 aed.
462 2817 500 2896 pl.
519 2817 663 2895 restituit,
680 2815 752 2876 duae
766 2835 836 2894 quas
849 2814 886 2876 ll.
903 2814 1038 2876 blessala.
1056 2818 1113 2894 pri·

111 2919 173 2962 mas
192 2907 323 2979 putarem
334 2899 385 2962 has
398 2909 429 2962 et
446 2903 507 2961 Atti
520 2899 604 2979 Navi,
621 2901 733 2980 positas
749 2909 845 2962 aetate
859 2898 994 2979 Tarquini
1010 2899 1112 2978 Prisci,

112 2987 142 3046 ni
171 3003 273 3062 regum
298 2985 531 3047 antecedentium
559 2993 659 3047 essent
688 2986 717 3044 in
740 2982 895 3064 Capitolio.
941 2985 969 3046 6.
993 2982 1038 3043 Ex
1065 2985 1155 3053 hisaa

111 3069 229 3130 liomuli
246 3078 275 3130 et
287 3068 350 3130 Tati
367 3071 429 3132 sine
447 3073 558 3148 tunica,
576 3073 650 3132 sicut
666 3078 695 3130 et
711 3066 822 3130 Camilli
838 3071 867 3132 in
880 3070 984 3130 rostris
1001 3078 1112 3131 etanta

112 3154 216 3217 aedem
235 3151 387 3216 Castorum
402 3155 454 3215 luit
471 3152 505 3227 Q.
524 3154 612 3217 hlarci
629 3153 754 3215 Tremuli
772 3156 918 3234 equestris
932 3162 1045 3232 togata,
1065 3157 1112 3233 qui

81 3239 260 3300 saSamnitcs
272 3240 318 3300 bis
336 3238 486 3302 devicerat
505 3248 647 3320 captaque
666 3241 796 3317 Anagnia
815 3238 951 3318 populum
967 3238 1113 3318 stipendio

114 3324 300 3385 liberaverat.
321 3325 398 3385 inter·
410 3326 624 3405 antiquissimas
636 3332 702 3384 sunt
717 3331 748 3384 et
760 3323 834 3386 Tulli
849 3321 955 3402 Cloeli,
966 3322 996 3383 L.
1011 3321 1112 3400 Rosci,

5 3447 6 3492 3
114 3407 201 3487 Spuri
222 3405 326 3486 Nauti,
346 3402 376 3468 C.
404 3409 516 3471 Fulcini
542 3410 572 3469 ln
593 3409 717 3485 rostris,
741 3427 757 3469 a
777 3409 965 3471 Fidenatibus
988 3409 1016 3467 in
1036 3408 1114 3485 lega-

114 3494 196 3553 tione
219 3493 447 3555 interfectorum.
486 3495 542 3555 boc
564 3514 579 3555 a
601 3512 634 3553 re
657 3492 772 3572 publica
795 3494 881 3554 tribui
905 3491 1020 3553 solebat
1042 3490 1157 3550 inin-tl
