2510 3898
189 240 247 304 tta
522 250 551 299 c.
570 249 666 306 curru
685 249 835 298 suenum

184 425 274 470 annos
300 407 481 468 adservatam
514 423 569 485 qua
590 402 675 465 Gaius
699 403 807 466 Caesar
830 408 1028 485 inportaverat
1050 406 1184 469 omnibus

184 509 258 573 quae
274 510 404 570 umquam
422 494 451 550 in
473 491 544 551 mari
560 491 623 550 visa
638 499 704 550 sunt
720 491 944 568 mirabiliorem,
967 493 996 551 in
1018 493 1082 571 ipsa
1098 493 1185 552 turri·

184 578 238 638 bue
253 576 383 638 Puteolis
400 595 416 637 e
432 576 555 655 pulvere
571 573 784 654 exaedificatis,
807 576 974 655 perductam
990 575 1099 636 Ostiam
1115 594 1184 655 por·

184 671 229 724 tus
244 664 338 742 gratia
357 663 470 722 mersit.
500 659 555 720 alia
571 679 610 720 ex
626 659 682 720 boc
697 679 764 720 cura
782 662 896 720 navium
910 679 983 740 quae
998 660 1097 721 Tiberi
1115 661 1184 722 sub·

183 747 308 825 vehant,
338 763 395 826 qno
418 747 621 825 experimento
646 747 737 824 patuit
764 763 822 807 non
844 748 937 805 minus
959 763 1094 826 aquarum
1116 745 1209 809 hnica

141 840 170 897 n
187 834 261 892 amni
285 850 354 893 esse
375 849 459 910 quam
477 829 553 890 Nilo.
600 829 645 909 [5]
667 829 696 890 ls
720 839 815 891 autem
831 830 978 892 obeliscus
996 848 1082 910 quem
1098 829 1184 891 divos

184 915 333 995 Augustus
348 917 378 976 in
401 917 479 976 circo
495 932 600 994 magno
617 917 717 975 statuit
733 917 849 976 excisus
868 923 913 976 est
933 933 1037 993 aroge
1052 914 1185 976 Psemet-

183 1001 405 1080 nepserphreo,
434 1019 492 1080 quo
521 1009 664 1078 regnante
686 998 866 1079 Pythagoras
898 1002 925 1060 in
952 1000 1091 1078 Aegypto
1118 1001 1184 1078 fuit,

183 1084 318 1146 LXXXV
334 1085 438 1165 pedum
455 1094 485 1147 et
502 1084 649 1146 dodrantis
673 1093 791 1164 praeter
811 1086 903 1146 basim
921 1085 1051 1146 eiusdem
1066 1084 1184 1164 lapidis,

183 1171 208 1230 is
222 1189 296 1232 vero
312 1189 397 1250 quem
412 1171 441 1230 in
456 1188 556 1250 campo
568 1168 688 1247 Martio,
704 1187 809 1230 novem
824 1171 947 1249 pedibus
964 1171 1075 1249 minor,
1100 1187 1115 1230 a
1131 1169 1186 1231 Sc·
1197 1188 1225 1231 ro

184 1255 308 1316 sotbide.
339 1257 471 1334 inscripti
486 1255 570 1316 ambo
587 1271 683 1316 rerum
700 1263 819 1316 naturae
835 1256 1107 1335 interpretationem
1123 1254 1186 1316 Ae·

183 1341 348 1419 gyptiorum
366 1341 552 1420 philosophia
567 1342 724 1401 continent.

140 1432 175 1490 ta
251 1427 298 1486 to.
322 1427 404 1506 (15.)
417 1426 460 1506 [6]
476 1424 511 1485 Ei
528 1427 575 1505 qui
591 1433 637 1486 est
654 1427 682 1484 in
701 1443 802 1505 campo
815 1424 897 1503 diuos
910 1425 1060 1504 Augustus
1075 1423 1186 1484 addidit

182 1511 342 1572 mirabilem
358 1529 438 1572 usum
455 1511 489 1570 ad
506 1510 725 1590 deprendendas
742 1509 813 1572 solis
829 1510 944 1570 umbras
966 1510 1133 1588 dierumque
1150 1527 1186 1569 ao

183 1598 310 1656 noctium
336 1598 377 1656 ita
402 1595 630 1674 magnitudines,
658 1603 749 1656 strato
777 1594 873 1675 lapide
901 1595 935 1656 ad
958 1593 1186 1672 magnitudinem
1197 1613 1223 1654 ra

184 1680 307 1741 obelisci
331 1682 375 1740 cni
398 1698 450 1760 par
471 1681 556 1740 lieret
577 1680 678 1740 umbra
702 1679 820 1740 brumae
842 1681 994 1741 conlectae
1012 1679 1078 1758 die,
1098 1687 1185 1739 sexta

183 1764 265 1843 bora,
284 1764 490 1845 paullatimqne
506 1781 559 1843 per
576 1764 712 1843 regulas,
729 1783 802 1844 quac
819 1773 884 1826 sunt
900 1784 938 1826 ex
953 1783 1023 1826 aere
1040 1762 1184 1840 inclusae,

183 1849 305 1927 singulis
334 1849 437 1910 diebus
469 1849 659 1910 decresceret
688 1868 721 1910 ac
747 1868 847 1910 rursus
875 1857 1067 1930 augesceret,
1095 1847 1184 1926 digna

183 1937 391 2013 cognitores,
419 1936 539 2012 ingenio
562 1933 686 1995 Facundi
708 1932 784 1994 Novi
808 1935 1007 1996 mathematici.
1057 1936 1082 1995 is
1106 1934 1182 2013 apici

184 2027 309 2079 auratam
326 2020 411 2099 pilam
430 2018 536 2079 addidit
547 2021 632 2079 'cuius
647 2021 759 2080 vertice
779 2021 877 2081 umbra
898 2020 1089 2099 colligeretur
1103 2021 1131 2078 in
1149 2037 1183 2080 se
1194 2041 1223 2082 ao

183 2104 292 2184 ipsam,
309 2106 379 2166 alias
394 2107 553 2166 enormiter
568 2103 711 2165 iaculante
727 2107 826 2184 apice,
842 2107 972 2183 ratione,
988 2113 1019 2165 ut
1033 2105 1150 2181 lerunt,
1167 2121 1184 2164 a

140 2197 175 2256 73
187 2192 282 2269 eapite
297 2191 420 2251 bominis
438 2189 596 2250 intellecta.
632 2189 705 2250 haec
721 2190 889 2252 observatio
908 2192 1026 2268 triginta
1044 2191 1100 2249 iam
1116 2188 1183 2249 fere

183 2277 264 2336 annis
280 2293 338 2337 non
355 2277 508 2354 congruit,
529 2277 592 2336 sive
616 2275 688 2336 solis
712 2277 803 2354 ipsius
820 2275 941 2336 dissono
961 2293 1045 2336 cursu
1061 2282 1091 2334 et
1106 2272 1182 2334 caeli

183 2359 277 2438 aliqua
300 2363 413 2422 ratione
435 2368 561 2449 mutato,
594 2361 658 2420 sive
679 2362 816 2422 universa
838 2361 943 2422 tellure
966 2378 982 2420 a
1002 2368 1103 2421 centro
1126 2375 1182 2418 suo

183 2445 291 2525 aliquid
313 2454 426 2524 emota,
449 2453 480 2504 nt
503 2444 682 2524 deprebendi
699 2454 728 2506 et
747 2447 777 2506 iu
798 2445 861 2506 aliis
878 2445 951 2506 locis
967 2446 1095 2524 accipio,
1116 2445 1183 2503 sive
1195 2463 1224 2504 se

184 2531 264 2590 urbis
290 2531 465 2592 tremoribus
486 2530 526 2590 ibi
556 2537 662 2590 tantum
691 2549 837 2608 gnomone
860 2532 989 2607 intorto,
1014 2531 1076 2590 sive
1100 2530 1185 2588 inun-

184 2613 348 2675 dationibus
362 2613 477 2675 Tiberis
493 2613 655 2676 sedimento
671 2615 756 2677 molis
771 2616 867 2694 lacto,
884 2633 1052 2695 quamquam
1068 2612 1102 2674 ad
1117 2612 1185 2673 alti-

184 2700 312 2760 tudinem
330 2700 450 2779 inpositi
474 2701 571 2759 oneris
592 2701 621 2758 in
636 2709 742 2760 terram
758 2718 874 2780 quoque
892 2700 1024 2760 dicuntur
1041 2707 1102 2760 acta
1117 2699 1184 2759 lun·

184 2784 324 2845 dameuta.

140 2879 175 2938 tt
251 2871 300 2932 11.
314 2870 357 2950 17]
369 2869 484 2930 Tertius
497 2868 662 2932 estRomae
675 2869 840 2932 inVaticani
850 2867 900 2931 Gai
917 2879 947 2930 et
958 2868 1085 2930 Neronis
1102 2870 1185 2947 prin·
1195 2882 1222 2926 ao

183 2956 277 3034 cipum
292 2957 371 3016 circo
386 2972 482 3015 —ex
498 2955 629 3015 omnibus
647 2973 719 3014 nnus
735 2957 850 3017 omnino
866 2957 973 3016 fractus
991 2963 1037 3015 est
1052 2955 1082 3013 in
1097 2953 1184 3014 moli·

183 3041 321 3101 tione-
344 3059 428 3118 quem
451 3039 564 3100 lecerat
579 3039 742 3100 Sesothidis
759 3039 834 3101 lilius
846 3039 1027 3101 Nencoreus.
1048 3038 1183 3101 eiusdem

181 3133 313 3186 remanet
344 3133 373 3185 et
394 3124 468 3184 alius
494 3132 608 3185 eentum
630 3125 897 3205 cubitorumquem
920 3134 987 3205 post
1009 3126 1184 3186 caecitatem

181 3213 246 3271 visu
262 3209 376 3271 reddito
392 3228 430 3269 cx
446 3208 641 3272 oraculoSoli
658 3211 790 3272 sacravit.

91 3338 96 3342 -
139 3303 173 3362 75
246 3292 1014 3374 lb.(16.)Dicanturobiteretpyramidesineadem
1026 3294 1220 3375 Aegypto‚eu

181 3397 283 3457 regum
298 3379 439 3457 pecuniae
456 3379 551 3439 otiosa
573 3397 605 3440 ac
628 3379 715 3440 stulta
731 3382 905 3458 ostentatio,
927 3381 1035 3459 quippe
1061 3396 1123 3438 cnm
1139 3380 1183 3441 la·

182 3462 276 3523 ciendi
293 3479 343 3523 eas
363 3479 448 3522 causa
464 3462 643 3545 aplerisque
659 3465 787 3525 tradatur
805 3484 841 3526 ne
859 3466 1011 3545 pecuniam
1026 3482 1183 3526 successo-

181 3547 262 3608 ribus
275 3555 322 3606 aut
339 3546 458 3607 aemulis
473 3548 675 3610 insidiantibus
690 3549 868 3630 praeberent
881 3559 929 3610 ant
945 3569 981 3610 ne
994 3550 1079 3629 plebs
1096 3559 1183 3612 esset
