2468 3896
128 247 168 308 60
475 257 505 308 c.
528 259 624 307 scrut
645 257 794 306 sccuxcr

128 415 197 476 alibi
211 423 297 496 atque
314 414 382 475 alibi
398 413 499 475 utilior
513 412 678 474 nobilitavit
688 413 753 474 loca
768 412 863 490 gloria
880 411 963 488 ferri,
979 412 1063 472 sicuti
1075 411 1138 473 bil⁴

129 500 210 560 bilim
226 501 255 560 in
269 498 408 578 Hispania
421 507 452 560 et
469 495 691 575 Turiassonem,
709 496 827 559 Comum
841 498 870 557 in
886 496 979 572 ltalia,
996 514 1059 556 curn
1074 497 1138 557 ler-

87 596 138 651 145
150 586 226 645 rania
243 584 359 646 metalla
377 586 406 643 in
422 583 458 643 iis
473 582 547 642 locis
561 600 619 643 non
634 584 700 643 sint.
722 581 768 642 Ex
783 581 913 642 omnibus
930 589 1025 642 autem
1040 599 1137 658 gene·

128 669 209 729 ribus
226 669 319 748 palma
339 667 441 728 Serico
464 667 545 728 lerro
566 675 620 728 est.
662 665 751 727 Seres
774 665 830 727 hoc
845 684 908 727 cum
922 665 1055 726 vestibus
1071 668 1136 726 suis

129 753 315 832 pellibusque
335 754 460 812 mittunt.
501 751 628 812 secunda
649 749 803 828 Parthico,
831 769 928 829 neque
947 749 1002 810 alia
1022 767 1163 827 generas

128 837 200 897 ierri
214 855 253 897 ex
266 855 346 898 mera
358 838 421 898 acie
434 843 648 916 temperantur,
664 837 773 896 ceteris
786 837 861 896 enim
873 834 1048 895 admiscetur
1062 834 1138 895 mol·

130 921 187 981 lior
209 922 381 999 conplexus.
420 922 449 981 in
471 929 574 981 nostro
596 921 670 980 orbe
689 919 777 981 aliubi
793 938 867 980 vena
884 920 1043 980 bonitatem
1059 918 1138 980 hauc

88 1023 122 1062 ιιι
133 1013 264 1084 praestat
282 1014 313 1064 ut
336 1007 365 1065 in
383 1004 517 1082 Noricis,
538 1004 626 1065 aliubi
642 1005 752 1065 lactura
768 1013 799 1064 ut
816 1003 973 1082 Sulmone,
995 1004 1136 1081 aquaubi

89 1100 138 1154 146
148 1089 282 1167 diximus,
299 1092 408 1169 quippe
423 1108 487 1151 cum
503 1088 672 1150 exacuendo
690 1089 820 1150 oleariae
837 1097 920 1149 cotes
937 1089 1136 1166 aquariaeque

133 1173 269 1234 differant
284 1183 313 1234 et
329 1174 397 1234 oleo
415 1174 568 1235 delicatior
582 1174 632 1232 liat
648 1175 737 1234 acies.
767 1176 944 1251 mirumque,
964 1190 1027 1233 cum
1045 1190 1135 1232 exco-
1148 1191 1180 1232 ro

132 1267 235 1337 quatur
252 1276 336 1337 vena,
351 1276 444 1337 aquae
462 1257 548 1318 modo
565 1257 669 1336 liquari
687 1258 806 1336 ferrum,
820 1265 924 1337 postea
941 1259 970 1317 in
985 1274 1136 1336 spongeas

131 1343 236 1420 frangi.
268 1345 402 1403 tenuiora
416 1344 593 1404 ferramenta
609 1341 679 1403 oleo
693 1344 836 1420 restingui
852 1360 915 1402 mos
931 1350 989 1420 est,
1007 1361 1044 1402 ne
1060 1359 1137 1421 aqua

130 1429 160 1486 in
175 1426 364 1505 fragilitatem
379 1427 526 1490 durentur.
548 1428 575 1487 A
588 1427 669 1487 lerro
685 1429 801 1505 sanguis
817 1426 955 1488 humanus
971 1445 1004 1487 se
1019 1425 1137 1486 ulcisci·

129 1520 193 1588 tur,
210 1521 374 1572 contactum
390 1531 510 1591 namque
525 1529 563 1573 eo
579 1511 706 1572 celerius
721 1511 886 1589 robiginem
904 1510 999 1572 trahit.

88 1605 138 1661 147
217 1597 298 1678 (42.)
311 1595 355 1656 De
371 1606 506 1675 magnete
519 1596 617 1675 lapide
629 1614 683 1656 suo
696 1596 764 1656 loco
780 1595 908 1656 dicemus
918 1595 1136 1673 concordiaque
1148 1614 1179 1658 ιιι

89 1679 173 1766 ³⁶,q,¹?⁶
186 1698 269 1759 quam
282 1700 348 1742 cum
366 1681 447 1741 ierro
462 1681 559 1741 habet.
590 1679 655 1741 sola
671 1681 744 1741 haec
754 1683 875 1741 materia
891 1682 970 1740 virus
987 1680 1023 1742 ab
1041 1698 1078 1740 eo
1093 1679 1135 1742 la·

131 1763 200 1843 pide
215 1767 321 1844 accipit
339 1766 507 1843 retinetque
524 1765 614 1842 longo
640 1772 790 1844 tempore,
813 1764 888 1825 aliud
910 1763 1136 1843 adprehendens

132 1847 257 1925 lerrum,
280 1857 311 1907 ιιι
332 1849 482 1909 anulorum
505 1857 608 1910 catena
631 1855 787 1929 spectetur
797 1850 961 1927 interdum,
980 1848 1057 1928 quod
1071 1849 1136 1910 vol·

132 1951 187 2009 gus
202 1933 358 2011 inperitum
374 1933 501 2013 adpellat
512 1934 621 1995 ferrum
636 1937 753 2012 vivom,
769 1935 949 2013 volneraque
965 1933 1032 1994 talia
1048 1951 1134 2012 aspe-

91 2026 142 2080 148
154 2018 233 2076 riora
250 2017 331 2078 fiunt.
370 2016 416 2078 hic
433 2018 508 2098 lapis
533 2027 563 2080 et
583 2020 613 2079 in
630 2016 785 2081 Cantabria
800 2021 943 2096 nascitur,
965 2036 1023 2079 non
1038 2027 1069 2077 ut
1082 2018 1135 2079 ille
1148 2035 1179 2078 ao

134 2117 254 2178 magnes
269 2120 357 2162 verus
374 2112 457 2164 caute
474 2105 628 2179 continua,
653 2105 706 2164 sed
725 2121 826 2183 sparsa
848 2104 1008 2165 bullatione
1028 2137 1071 2150 -
1094 2105 1137 2165 ita

132 2185 281 2262 appellant
292 2223 350 2262 -,
362 2189 463 2248 nescio
477 2205 512 2248 an
524 2189 601 2248 vitro
615 2188 760 2249 tundendo
773 2187 895 2268 perinde
908 2189 998 2266 utilis,
1009 2187 1137 2249 nondum

133 2271 208 2329 enirn
224 2279 365 2349 expertus
383 2280 430 2332 est
445 2274 610 2351 quisquam,
629 2273 737 2333 ferrum
752 2276 853 2352 utique
871 2273 960 2334 inficit
979 2272 1079 2333 eadem
1095 2272 1135 2332 vi.

130 2352 268 2431 Magnete
281 2354 377 2434 lapide
393 2356 569 2417 architectus
581 2356 767 2418 Timochares
780 2357 976 2418 Alexandriae
988 2357 1134 2418 Arsinoes

132 2437 270 2517 templum
290 2457 493 2502 concamarare
517 2441 722 2519 inchoaverat,
745 2451 777 2501 ut
800 2445 829 2502 in
852 2460 889 2503 ec
913 2441 1094 2502 simulacrum
1117 2457 1177 2503 eat

132 2522 213 2583 ferro
229 2524 362 2602 pendere
377 2544 447 2586 aere
461 2526 620 2587 videretur.
643 2528 813 2587 intercessit
823 2529 915 2606 ipsius
930 2544 1009 2586 mors
1025 2534 1056 2586 et
1066 2525 1136 2587 Pto·

132 2605 236 2667 lemaei
253 2611 333 2685 regis
349 2611 397 2687 qui
416 2609 445 2669 id
463 2612 559 2670 sorori
579 2630 648 2672 suae
664 2612 791 2672 iusserat
807 2611 880 2672 lieri.

90 2702 141 2756 149
218 2693 265 2750 15.
290 2691 372 2771 (43.)
400 2692 583 2755 lietallorum
611 2696 735 2755 omnium
760 2714 835 2756 vena
866 2697 938 2757 ferri
971 2694 1135 2773 largissima

133 2784 187 2836 est.
224 2773 397 2838 Cantabriae
412 2780 571 2840 maritimae
588 2788 671 2859 parte
693 2797 748 2858 qua
771 2798 898 2842 oceanus
921 2779 1028 2857 adluit,
1049 2798 1134 2840 mons

132 2860 299 2940 praealtus,
321 2862 494 2924 incredibile
517 2863 611 2941 dictu,
636 2872 716 2926 totus
732 2884 770 2926 ex
785 2884 820 2926 ea
838 2866 960 2926 materia
975 2873 1038 2941 est,
1056 2873 1088 2925 ut
1104 2867 1177 2926 inco

133 2945 241 3005 ambitu
257 2948 357 3008 oceani
374 2947 507 3008 diximus.
537 2947 659 3010 Ferrum
676 2967 828 3011 accensum
843 2951 924 3028 igni,
945 2951 1000 3010 nisi
1014 2949 1136 3011 duretur

132 3029 256 3106 ictibus,
277 3033 479 3111 corrumpitur.
518 3034 628 3094 rubens
650 3051 708 3094 non
725 3044 772 3095 est
789 3035 887 3095 habile
903 3034 1067 3112 tundendo,
1083 3053 1135 3095 ne·

133 3130 190 3191 que
205 3122 357 3192 antequam
372 3116 525 3178 albescere
541 3119 649 3197 incipit.
679 3127 764 3179 aceto
780 3128 828 3180 aut
841 3119 966 3180 alumine
980 3118 1092 3180 inlitum
1104 3119 1137 3180 lit

132 3198 210 3257 aeris
232 3199 334 3259 simile.
370 3201 397 3260 A
419 3201 555 3280 robigine
578 3201 739 3265 vindicatur
755 3222 875 3265 cerussa
896 3213 926 3266 et
941 3221 1037 3283 gypso
1053 3212 1084 3264 et
1101 3203 1135 3264 li·

90 3293 143 3348 lto
155 3281 241 3361 quida
255 3284 332 3360 pice.
355 3284 428 3345 haec
443 3294 489 3346 est
503 3286 584 3347 ierro
597 3306 613 3347 a
626 3285 745 3349 Graecis
758 3289 916 3368 antipathia
928 3288 1014 3350 dicta.
1036 3287 1137 3349 ierunt
1146 3305 1176 3349 se

133 3365 247 3446 quidam
268 3377 298 3426 et
320 3369 466 3446 religione
484 3371 603 3448 quadam
622 3372 651 3432 id
670 3373 733 3434 lieri
760 3382 791 3434 et
812 3383 930 3436 exstare
946 3373 1073 3434 ferream
1088 3391 1136 3434 ca·

133 3460 229 3514 tenant
244 3451 320 3530 apud
334 3451 503 3532 Euphraten
519 3474 630 3517 amnem
645 3458 675 3516 in
689 3458 763 3519 urbe
779 3475 854 3536 quae
866 3456 995 3537 Zeugma
1006 3457 1135 3537 appella·

133 3545 197 3615 tur,
220 3554 275 3615 qua
291 3536 459 3598 Alexander
474 3538 595 3617 hlaguus
618 3541 658 3601 ibi
677 3544 803 3603 iunxerit
819 3551 953 3621 pontem,
969 3543 1049 3604 cuius
1066 3560 1135 3604 autr-
