2468 3896
154 231 193 293 36
499 239 527 288 c.
545 241 639 289 amru
658 237 806 290 succum

153 398 311 478 placuisse.
347 395 525 476 Syracusana
542 397 650 456 suntin
668 395 797 456 Pantheo
813 397 906 474 capita
925 395 1119 457 columnarum
1135 415 1153 459 a

153 481 190 542 hl.
208 481 339 562 Agrippa
363 483 474 560 posita,
499 481 567 558 quiu
591 481 676 540 etiam
699 482 810 558 privata
833 480 981 559 opulentia
1005 498 1041 541 co
1063 478 1151 543 modo

155 574 291 644 usurpata
316 574 370 627 est.
412 562 532 625 Camillo
560 566 636 624 inter
658 565 774 624 crimina
797 564 907 624 obiecit
931 562 980 643 Sp.
1007 561 1152 626 Carvilius

157 658 296 728 quaestor
314 649 391 729 quod
406 657 504 709 aerata
521 649 595 708 ostia
612 648 736 709 haberet
751 650 779 708 in
797 649 892 709 domo.

113 744 148 800 14
220 734 279 813 (8.)
302 733 373 794 Nam
394 733 516 794 triclinia
541 741 638 792 aerata
660 732 824 812 abacosque
847 741 876 794 et
899 733 1074 812 monopodia
1096 731 1178 798 Ono

154 817 288 879 Manlium
308 817 380 878 Asia
400 817 513 878 devicta
536 818 655 895 primum
671 819 821 878 invexisse
838 817 981 897 triumpho
996 835 1050 878 suo
1066 836 1152 897 quem

154 902 234 962 duxit
249 920 323 963 anno
340 902 420 962 urbis
437 898 580 962 ltuxvtl.
598 899 627 960 L.
645 898 714 961 Piso
730 911 832 962 auctor
845 910 906 979 est,
921 903 1023 962 Antias
1036 901 1152 980 quidem

153 986 277 1047 heredes
299 985 330 1048 b.
350 983 446 1046 Crassi
470 987 596 1046 oratoris
614 985 701 1045 multa
726 987 810 1048 etiam
827 986 949 1046 triclinio
968 995 1064 1046 aerata
1081 1004 1152 1048 ven·

155 1070 271 1130 didisse.
302 1069 347 1130 Ex
364 1088 433 1132 aere
447 1070 617 1130 factitavere
636 1079 665 1131 et
682 1072 808 1132 cortinas
827 1071 968 1149 tripodum
986 1072 1100 1131 nomine
1116 1089 1152 1132 ac

153 1153 326 1234 Delphicas,
349 1154 426 1234 quod
441 1173 494 1216 eae
515 1173 645 1215 maxume
661 1154 790 1235 Apollini
812 1153 955 1235 Delphico
971 1154 1145 1215 dicabantur.
1165 1178 1193 1224 ιο

155 1238 291 1318 placuere
308 1248 338 1300 et
353 1239 505 1316 lychnuchi
521 1238 649 1318 pensiles
669 1241 697 1299 in
717 1238 845 1300 delubris
864 1247 912 1300 aut
928 1239 1062 1300 arborum
1077 1239 1152 1300 mala

153 1324 307 1383 ferentium
336 1323 422 1385 modo
449 1323 599 1400 lucentes,
628 1323 720 1402 qualis
746 1333 792 1385 est
819 1325 848 1384 in
873 1323 980 1403 templo
1002 1322 1150 1402 Apollinis

152 1407 290 1485 Palatini,
322 1407 399 1486 quod
420 1407 589 1468 Alexander
609 1407 729 1486 hlagnus
749 1407 911 1469 Thebarum
934 1408 1150 1488 expugnatione

154 1501 266 1571 captum
281 1495 311 1553 in
326 1490 415 1569 Cyme
432 1493 579 1553 dicaverat
597 1493 690 1552 eidem
707 1493 772 1553 deo.

112 1583 144 1641 15
221 1579 250 1636 4.
273 1575 331 1660 (a)
351 1575 477 1637 Transiit
488 1577 593 1636 deiude
609 1595 655 1638 ars
673 1577 763 1654 volgo
777 1577 883 1655 ubique
898 1576 933 1636 ad
949 1576 1064 1654 efligies
1080 1575 1152 1637 deo·
1163 1597 1191 1641 ro

153 1678 223 1720 rum.
243 1659 353 1720 Romae
373 1660 554 1720 simulacrum
576 1679 614 1720 ex
630 1677 700 1724 aere
723 1662 826 1721 iactum
843 1657 945 1730 Cereri
968 1663 1086 1740 primum
1104 1679 1151 1722 re·

153 1746 236 1822 perio
255 1763 293 1804 ex
308 1744 424 1823 peculio
440 1742 488 1824 Sp.
506 1739 588 1804 Cassi
605 1763 689 1823 quem
713 1763 833 1823 regnum
855 1745 1044 1806 adfectantem
1066 1753 1152 1823 puter

153 1830 243 1906 ipsius
255 1830 446 1888 interemerit.
474 1829 588 1888 transiit
601 1839 630 1888 et
645 1847 660 1889 a
676 1829 720 1889 dis
733 1832 767 1891 ad
783 1829 927 1889 hominum
942 1838 1051 1890 statuas
1063 1837 1151 1908 atque

152 1913 290 1990 imagines
306 1912 402 1971 multis
412 1911 513 1972 modis.
544 1911 683 1974 Bitumine
703 1915 809 1994 antiqui
827 1914 996 1992 tinguebant
1012 1932 1072 1992 eas,
1090 1932 1150 1992 quo

151 1998 242 2074 magis
266 1998 365 2056 mirum
389 2005 434 2057 est
457 1997 601 2076 placuisse
627 2015 697 2058 auro
718 1999 863 2076 integere.
908 1997 963 2058 hoc
990 1999 1089 2058 nescio
1113 2017 1190 2066 auco

151 2078 309 2140 Romanum
331 2080 418 2142 fuerit
441 2079 603 2159 inventum,
629 2090 711 2143 certe
741 2085 826 2143 etiam
854 2099 958 2143 nomen
980 2099 1037 2142 non
1060 2082 1151 2142 habet

111 2176 144 2232 16
156 2174 308 2226 vetustum.
333 2163 454 2244 Effigies
469 2163 613 2226 bominum
628 2183 685 2226 non
700 2167 835 2227 solebant
851 2168 970 2246 exprimi
984 2168 1039 2226 nisi
1053 2166 1150 2247 aliqua

151 2249 265 2310 inlustri
298 2268 383 2309 causa
409 2251 635 2330 perpetuitatem
662 2253 849 2328 merentium,
881 2252 973 2330 primo
1000 2268 1151 2311 sacrorum

151 2336 336 2395 certaminum
355 2335 476 2395 victoria
491 2352 680 2413 maxumeque
697 2333 864 2414 Olympiae,
889 2335 938 2395 ubi
956 2337 1079 2395 omnium
1098 2337 1149 2414 qui

150 2420 291 2480 vicissent
314 2426 423 2480 statuas
446 2419 533 2479 dicari
554 2436 616 2479 mos
639 2428 718 2498 erat,
742 2436 842 2480 eorum
865 2437 939 2481 vcro
961 2421 1009 2499 qui
1035 2427 1081 2480 ter
1107 2419 1148 2479 ibi
1161 2443 1189 2484 as

150 2505 369 2582 superavissent
396 2522 434 2564 ex
458 2503 594 2562 membris
620 2504 748 2582 ipso'rum
777 2503 962 2564 similitudine
994 2521 1149 2582 expressa,

110 2597 141 2654 17
155 2605 224 2665 quas
241 2588 368 2648 iconicas
385 2595 496 2647 vocant.
531 2585 727 2648 Athenienses
741 2589 842 2648 nescio
858 2607 892 2648 au
909 2589 1006 2666 primis
1025 2589 1151 2648 omnium

150 2669 305 2731 llarmodio
324 2679 353 2730 et
369 2670 566 2748 Aristogitoni
583 2673 767 2750 tyrannicidis
785 2672 902 2751 publice
921 2673 1074 2751 posuerint
1090 2680 1150 2732 sta-

151 2763 222 2832 tuas.
252 2755 307 2814 hoc
324 2764 417 2815 actum
440 2763 485 2814 est
501 2754 604 2816 eodem
618 2773 692 2816 anno
711 2774 767 2834 quo
785 2766 814 2817 et
828 2756 938 2818 llomae
954 2775 1042 2835 reges
1058 2755 1148 2835 pulsi.

151 2848 274 2920 excepta
299 2839 403 2900 deiude
429 2859 478 2900 res
505 2847 551 2902 est
572 2857 586 2899 a
609 2848 672 2900 toto
697 2841 769 2901 orbe
787 2849 928 2902 terrarum
945 2839 1192 2908 humanissimas«)

149 2924 324 3002 ambitione,
345 2932 375 2985 et
396 2925 424 2984 in
447 2925 570 2985 omnium
592 2926 810 3004 municipiorum
831 2925 904 2987 foris
925 2933 1037 2986 statuae
1063 2941 1150 2986 orma·

150 3017 275 3070 mentum
292 3028 360 3070 esse
375 3027 505 3088 coepere
516 3011 731 3090 prorogarique
743 3010 879 3072 memoria
895 3009 1038 3070 homiuum
1053 3017 1082 3069 et
1094 3007 1149 3070 ho·

149 3110 237 3154 nores
253 3093 369 3172 legendi
386 3111 460 3154 aevo
477 3093 595 3155 basibus
612 3094 741 3172 inscribi,
760 3114 796 3156 ne
814 3096 843 3155 in
858 3094 1020 3175 sepulchris
1038 3100 1149 3154 tantum
1230 3167 1233 3174 Ι

150 3177 329 3255 legerentur.
361 3195 429 3238 mox
450 3179 545 3239 forum
566 3187 595 3238 et
613 3178 642 3238 in
657 3178 788 3239 domibus
804 3181 925 3259 privatis
941 3179 1044 3240 factum
1057 3185 1148 3256 atquc

151 3263 179 3323 iu
196 3263 276 3323 atriis
292 3263 386 3323 honos
402 3263 548 3323 clientium
564 3263 685 3323 instituit
701 3263 743 3323 sic
760 3264 860 3325 colere
879 3272 1026 3343 patronos.
1160 3283 1189 3328 ao

108 3357 141 3414 18
215 3348 242 3407 5.
267 3349 344 3431 (10.)
368 3346 498 3426 'legatae
515 3347 630 3426 effigies
646 3349 802 3427 antiquitus
819 3350 858 3408 ita
877 3347 1053 3408 dicabantur.
1084 3345 1148 3426 pla·

149 3450 237 3495 uuere
259 3441 289 3492 et
312 3433 402 3493 nirdae
423 3441 557 3493 tenentes
574 3430 683 3492 hastam
706 3433 740 3492 ab
758 3433 938 3512 epheborum
954 3451 970 3492 e
987 3431 1148 3510 gymnasiis

149 3517 382 3597 exemplaribus,
404 3534 473 3594 quas
490 3515 640 3577 Achilleas
660 3525 772 3578 vocant.
815 3516 924 3578 Graeco
940 3535 987 3578 res
1007 3515 1076 3576 nihil
1094 3535 1149 3580 ve·
