2510 3898
297 245 376 294 uun.
398 245 489 294 urse.
512 246 775 301 xxxmae-15.
798 233 947 321 (te-24.)
1067 237 1125 302 123

116 420 205 465 xnma
229 401 324 462 moles
349 403 404 462 luit
423 422 479 464 neo
504 403 580 464 sedit
600 404 630 463 in
651 403 758 482 cubili,
782 405 869 464 anxio
891 406 1003 468 artiiioe
1021 408 1124 468 mortis

116 487 318 548 destinatione
334 505 478 566 suprema.
514 488 628 548 tradunt
643 489 672 547 in
695 507 731 550 ea
748 490 929 567 cogitatione
945 491 1055 552 fessum
1071 510 1122 552 no·
1133 502 1165 558 97

116 582 223 634 cturno
241 580 375 650 tempore
399 574 428 632 in
451 575 551 652 quiete
565 572 677 634 vidisse
693 581 880 653 praesentem
895 573 977 636 deam
991 579 1037 636 oui
1053 585 1124 638 tem-

115 658 197 737 plum
220 659 305 718 lieret
326 657 491 718 hortantem
514 667 544 718 ut
558 659 690 736 viveret,
713 678 747 720 se
769 661 964 738 conposuisse
985 661 1121 740 lapidem,

91 751 207 822 eatque
223 745 264 802 ita
279 751 400 822 postera
415 743 481 804 luce
496 743 638 822 adparuit,
652 743 784 822 pondere
796 747 862 824 ipso
878 755 1029 806 correctus
1044 746 1124 806 vide-

113 829 212 889 batur.
237 834 338 888 cetera
355 829 418 888 eius
437 831 537 909 operis
554 838 721 890 ornamenta
736 830 859 907 plurium
875 829 1015 890 librorum
1032 833 1124 891 instar

114 915 253 994 optinent
267 911 338 972 nihil
354 912 390 972 ad
408 915 538 992 speciem
554 922 674 974 naturae
690 916 875 992 pertinentia.

182 999 230 1059 15.
260 996 342 1077 (22.)
373 997 465 1058 Durat
488 1007 518 1059 et
542 996 641 1075 Cynici
669 997 838 1078 delubrum,
867 1002 897 1061 in
927 1017 984 1079 qno
1012 1000 1120 1061 millum
1131 1011 1166 1067 98

113 1101 236 1144 aureum
259 1083 447 1144 conmissuris
474 1083 605 1144 omnihus
628 1083 712 1162 politi
734 1084 838 1163 lapidis
860 1086 985 1146 subiecit
1005 1087 1122 1163 artifex,

77 1191 103 1234 m
114 1168 261 1230 eboreum
281 1166 382 1229 lovem
408 1168 554 1229 dicaturus
582 1169 658 1228 intus
679 1177 840 1230 coronante
867 1189 933 1230 eum
959 1188 1122 1232 marmoreo

113 1253 267 1332 Apolline.
293 1253 473 1314 translucent
486 1271 559 1331 ergo
577 1255 727 1314 iuncturae
742 1256 921 1314 tenuissimis
937 1255 1123 1334 capillamen-

113 1340 154 1398 tis
170 1339 289 1418 leuique
308 1337 413 1400 adllatu
431 1338 584 1399 simulacra
599 1339 754 1417 relovent,
776 1347 806 1400 et
828 1347 948 1418 praeter
975 1341 1123 1417 ingenium

112 1425 236 1485 artificis
251 1425 316 1502 ipsa
331 1425 452 1484 materia
463 1424 587 1501 ingeriei
599 1425 728 1502 quamvis
741 1424 855 1484 occulta
866 1425 895 1483 in
910 1425 1006 1502 pretio
1021 1425 1121 1503 operis

111 1508 310 1587 intellegitur.

77 1611 102 1652 rs
180 1593 263 1672 (23.)
291 1591 403 1654 Eodem
424 1594 453 1653 iu
476 1594 585 1673 oppido
611 1602 657 1653 est
682 1593 756 1672 lapis
778 1594 920 1672 fugitivos
944 1593 1165 1672 appellatus,99

113 1679 307 1757 Argonautae
322 1696 360 1738 eo
377 1697 431 1757 pro
454 1696 560 1739 ancora
575 1679 619 1739 usi
638 1678 819 1757 reliquerant
841 1679 892 1740 ihi.
930 1677 1005 1740 hunc
1021 1699 1038 1740 e
1056 1697 1124 1757 pry-

113 1773 203 1825 taneo
235 1799 270 1807 —
301 1765 341 1824 ita
367 1772 488 1824 vocatur
515 1763 599 1824 locus
627 1797 670 1808 -
697 1781 787 1842 saepe
818 1764 975 1844 profugum
998 1765 1122 1825 vinxere

112 1849 244 1930 plumbo.
279 1846 389 1910 Eadem
402 1851 433 1908 iu
451 1849 523 1910 urhe
544 1851 624 1908 iuxta
641 1858 753 1927 portam
773 1866 848 1928 quae
863 1848 986 1910 Thracia
1001 1858 1123 1910 vocatur

114 1943 213 1996 turres
230 1941 344 2013 septem
361 1940 496 2012 acceptas
514 1951 605 1994 voces
622 1951 778 1994 numeroso
793 1952 970 2014 repercussu
987 1932 1123 2012 multipli-

79 2029 191 2081 aocaut.
248 2037 354 2080 nomen
380 2018 447 2079 huic
476 2018 616 2078 miraculo
645 2017 726 2079 Echo
755 2027 802 2080 est
830 2039 850 2080 a
874 2017 994 2080 Graecis
1015 2018 1120 2079 datum.

115 2113 147 2166 et
161 2104 218 2166 hoc
234 2104 350 2183 quidem
365 2103 497 2164 locorum
513 2111 614 2162 natura
636 2107 735 2163 evenit
750 2121 783 2164 ac
799 2104 971 2184 plerumque
987 2103 1167 2166 courel-100

114 2191 201 2268 lium,
216 2189 258 2250 ihi
276 2207 345 2249 casu
357 2189 478 2265 accidit,
498 2187 650 2267 Olympiae
669 2197 765 2250 autem
780 2199 861 2268 arte,
884 2188 1008 2250 mirabili
1024 2187 1123 2265 modo,

114 2277 144 2336 in
164 2276 281 2355 porticu
302 2291 385 2354 qnam
406 2273 445 2334 ob
463 2272 493 2334 id
512 2273 721 2352 heptaphonon
737 2274 904 2352 appellant,
927 2275 1062 2352 quoniam
1077 2290 1124 2332 se-

5 2357 23 2438 l*
114 2362 213 2440 ptiens
237 2359 338 2421 eadem
362 2377 422 2420 vox
444 2357 583 2420 redditur.
624 2356 723 2435 Cyzici
744 2367 774 2418 et
797 2358 993 2419 buleuterium
1016 2365 1123 2417 vocant

5 2455 7 2500 l
80 2463 105 2504 a
116 2446 279 2508 aedilicium
296 2445 418 2523 amplum
438 2446 501 2505 sine
518 2443 619 2505 ferreo
643 2443 744 2520 clavo,
761 2444 802 2502 ita
816 2441 959 2522 disposita
974 2443 1123 2519 contigna-

115 2533 197 2592 tione
214 2538 244 2592 ut
260 2531 422 2590 eximantur
439 2529 539 2590 trabes
556 2530 621 2588 sine
639 2527 754 2588 fulturis
776 2545 809 2588 ac
827 2533 1022 2606 reponantur,
1045 2524 1122 2604 quod

5 2691 6 2696 ἵ
115 2619 184 2678 item
204 2615 317 2676 Romae
339 2616 368 2674 iu
386 2623 477 2694 ponte
501 2613 626 2676 sublicio
648 2611 819 2690 religiosum
848 2620 910 2690 est,
934 2620 1124 2691 posteaquam

117 2699 233 2762 Coclite
248 2699 370 2760 Horatio
386 2699 564 2760 defendente
582 2715 672 2775 aegre
690 2698 826 2758 revolsus
845 2705 900 2758 est.

180 2786 263 2866 (24.)
285 2784 394 2845 Verum
409 2793 439 2845 et
455 2783 489 2845 ad
505 2783 585 2843 urhis
601 2792 720 2843 nostrae
736 2783 873 2843 miracula
890 2782 1016 2843 transire
1033 2797 1101 2840 con·
1113 2791 1163 2851 ,101

82 2873 214 2935 noveniat
235 2867 396 2948 DCCCque
419 2886 558 2929 annorum
577 2867 680 2928 docilis
705 2870 827 2928 scrutari
846 2868 917 2927 viris
943 2875 973 2926 et
994 2867 1037 2925 sic
1052 2881 1123 2941 quo·

118 2976 174 3038 quc
186 2966 330 3017 terrarum
346 2954 448 3016 orbem
459 2955 568 3013 victum
581 2952 752 3030 ostendere,
765 2954 842 3031 quod
854 2951 996 3012 accidisse
1013 2951 1122 3009 totiens

117 3061 213 3122 paene
225 3039 303 3120 quod
319 3041 487 3101 referentur
499 3037 648 3116 miracula,
662 3037 826 3116 adparehit,
843 3035 1033 3097 universitate
1048 3051 1122 3094 vero

117 3119 253 3188 acervata
277 3133 308 3186 et
337 3127 366 3184 iu
396 3124 539 3205 quendam
567 3141 651 3183 unum
680 3122 821 3182 cumulum
847 3121 961 3181 coiecta
986 3137 1045 3180 non
1066 3118 1123 3179 alia

117 3211 285 3291 magnitudo
308 3217 449 3289 exsurget
472 3228 554 3288 quam
576 3209 601 3268 si
623 3206 744 3268 mundus
770 3208 843 3268 alius
867 3206 981 3286 quidam
1009 3206 1039 3265 in
1064 3221 1122 3264 uno

84 3298 184 3359 cnloco
201 3304 344 3360 narretur.
390 3295 434 3376 [1]
457 3293 518 3367 Ne,
543 3302 572 3353 ut
587 3294 695 3353 circum
709 3311 868 3352 maxumum
884 3309 901 3352 a
916 3287 1045 3352 Caesare
1062 3287 1102 3349 di·
1115 3298 1166 3354 102

118 3391 233 3445 ctatore
251 3389 429 3444 exstructum
450 3378 632 3458 longitudine
655 3377 813 3438 stadiorum
841 3379 943 3454 trium,
970 3371 1122 3436 latitudine

118 3471 221 3546 unius,
237 3467 292 3529 sed
307 3485 370 3528 cum
385 3466 525 3527 aediliciis
537 3466 670 3541 iugerum
684 3472 869 3543 quaternum,
885 3461 919 3522 ad
936 3459 1037 3522 sedem
1052 3457 1123 3524 'c'c'L

5 3583 7 3652 p
118 3555 198 3614 iuter
212 3570 315 3631 magna
338 3569 429 3632 opera
450 3550 597 3626 dicamus,
622 3564 681 3608 non
705 3551 783 3608 inter
804 3547 955 3627 magnilica
973 3543 1124 3604 basilicam
