2468 3896
271 214 352 261 nau.
374 213 465 262 mss.
490 215 629 262 xxxnu.
654 214 695 268 ιι.
709 167 760 266 ιι.
784 203 925 284 (to-31.)
1056 205 1096 266 55

88 379 179 432 stata
200 371 320 432 cadmea
336 371 414 449 quod
436 371 485 432 illa
504 390 593 451 super
614 378 721 432 terram
744 390 781 432 en
803 371 982 434 subdialibus
1002 374 1096 453 petris

87 455 234 533 caeditur,
248 454 322 517 baec
337 473 375 516 ex
391 455 522 535 obrutis,
541 457 611 517 item
627 454 704 534 quod
719 455 850 516 chalcitis
865 455 932 517 iriat
947 476 980 518 se
1001 459 1098 518 statim

88 539 185 600 mollis
206 549 318 618 natura,
335 547 366 599 ut
381 539 514 600 videatur
523 539 630 620 lanugo
646 549 793 603 concreta.
824 549 870 601 est
885 549 916 601 et
930 541 986 602 alia
998 543 1098 603 distin-

88 627 146 686 ctio
171 624 251 704 qood
268 623 399 685 chalcitis
421 627 475 684 tria
493 643 605 703 genera
623 625 769 702 continet,
796 626 873 686 aeris
892 633 922 686 et
941 627 1049 703 misyos
1068 635 1098 687 et

70 725 215 786 usoreos,
241 708 277 770 de
296 709 399 787 quibus
419 709 541 788 singulis
558 709 686 770 dicemus
705 711 765 770 suis
780 709 875 788 locis,
897 709 986 771 habet
1001 711 1140 789 autemssl

88 794 164 854 aeris
181 812 275 854 venas
291 792 443 872 oblongas.
468 793 609 873 probatur
623 793 722 854 mellei
738 795 859 872 coloris,
875 795 978 873 gracili
991 813 1077 857 rena·
1090 807 1141 860 118

87 897 149 938 rum
171 878 328 956 discursu,
349 877 490 957 friabilis,
519 897 574 940 nco
593 877 736 956 lapidosa.
775 888 875 958 putant
896 888 927 940 et
945 888 1098 941 recentem

87 961 237 1023 utiliorem
260 981 349 1040 esse,
379 964 513 1042 quoniam
534 964 697 1024 inveterata
721 981 792 1042 sory
814 964 871 1024 liat.
907 965 952 1024 vis
976 964 1097 1025 eiusad

88 1049 296 1108 excrescentia
328 1049 358 1107 in
392 1047 556 1125 ulceribus,
591 1048 760 1126 sanguinem
790 1050 917 1127 sistere,
951 1050 1096 1127 gingivas,

59 1150 187 1209 luuram,
212 1131 348 1193 tonsillas
364 1131 456 1192 iarina
476 1150 677 1212 conpescere,
697 1132 803 1194 volvae
826 1135 906 1194 vitiis
930 1134 959 1193 iu
982 1133 1096 1194 vellere

85 1218 206 1295 inponi,
235 1235 300 1276 cum
326 1234 399 1277 suco
428 1235 501 1277 uero
531 1217 612 1297 porri
635 1217 829 1278 verendorum
857 1217 969 1279 additur
990 1218 1097 1297 empla-

87 1302 164 1361 stris.
208 1309 372 1362 maceratur
387 1309 483 1362 autem
498 1300 530 1363 iu
550 1301 631 1362 fictili
655 1320 693 1362 ex
719 1311 804 1362 aceto
826 1302 987 1363 circumlito
1009 1304 1076 1363 limo
1088 1313 1139 1367 119

86 1384 192 1446 diebus
208 1383 277 1464 XL,
300 1394 330 1446 et
348 1385 479 1447 colorem
500 1387 579 1446 croci
601 1385 698 1447 trahit.
734 1395 792 1446 tum
814 1387 941 1446 admixto
960 1386 1096 1448 cadmeae

86 1471 148 1548 pari
165 1469 300 1550 pondere
318 1469 556 1531 medicamentum
572 1471 663 1531 eilioit
680 1472 820 1550 psoricon
836 1471 949 1531 dictum.
981 1471 1095 1549 quodsi

59 1554 158 1616 aduae
184 1563 285 1633 partes
304 1553 467 1615 chalcitidis
493 1557 580 1616 tertia
602 1555 739 1617 cadmeae
761 1563 979 1634 temperentur,
1000 1557 1095 1615 acrius

84 1639 140 1700 hoc
154 1638 234 1700 idem
250 1640 309 1718 hat,
327 1640 480 1700 etiamnum
491 1638 693 1701 vehementius
708 1642 733 1699 si
749 1648 833 1701 aceto
847 1657 930 1718 quam
943 1642 1012 1700 vino
1024 1648 1095 1700 tem·

84 1733 227 1803 peretur,
246 1733 324 1785 tosta
339 1742 413 1785 vero
432 1725 581 1786 efficacior
598 1725 629 1785 iit
646 1725 680 1785 ad
697 1724 797 1785 eadem
815 1725 917 1785 omnia.

147 1809 233 1888 (30.)
256 1809 333 1886 Sorg
352 1808 530 1888 Aegyptium
549 1827 680 1870 maxume
700 1797 831 1883 laudatur
851 1808 967 1868 multum
989 1827 1075 1888 supe·
1087 1819 1139 1873 120

84 1903 149 1954 rato
168 1891 281 1973 Cyprio
299 1892 544 1973 hispaniensique
561 1902 590 1955 et
606 1893 727 1971 Africo,
751 1911 919 1973 quamquam
944 1893 1094 1954 oculorum

58 1979 232 2042 ncurationi
265 1978 380 2059 quidam
410 1978 508 2039 utilius
532 1987 634 2058 putent
655 1976 808 2059 Cyprium,
835 1977 889 2040 sed
912 1981 941 2039 in
963 1996 1096 2057 quacum·

87 2077 144 2143 que
167 2065 290 2124 natione
314 2071 460 2142 optumum
481 2065 526 2124 cui
549 2082 709 2124 maxumum
731 2065 811 2123 virus
833 2064 959 2141 olfactu,
986 2065 1094 2124 tritum·

87 2167 144 2226 que
177 2149 328 2227 pinguiter
357 2149 529 2226 nigrescens
558 2156 588 2209 et
615 2165 837 2228 spongeosum„
864 2146 1015 2210 stomacho
1044 2167 1093 2209 res

87 2233 235 2293 contraria
253 2235 282 2293 iu
308 2241 415 2293 tantum
429 2242 461 2293 ut
475 2233 645 2311 quibusdam
661 2233 797 2294 olfactum
813 2233 899 2294 modo
917 2234 1093 2294 vomitiones

1 2342 6 2394 p
86 2325 212 2378 moveat.
242 2316 280 2378 Et
295 2317 474 2397 Aegyptium
491 2318 607 2398 quidem
623 2318 692 2394 tale,
708 2317 829 2378 alterius
844 2318 969 2377 nationis
986 2319 1093 2378 coutri-

1 2397 2 2490 l
57 2409 145 2464 atum
162 2401 347 2482 splendescit
368 2411 397 2462 ut
410 2403 485 2480 misy
500 2411 530 2463 et
546 2411 592 2464 est
607 2402 775 2481 lapidosius.
811 2402 934 2480 prodest
950 2409 1046 2462 autem
1063 2411 1094 2463 et

1 2537 2 2568 ,
87 2486 215 2548 dentium
227 2486 335 2566 dolori,
351 2487 376 2548 si
392 2488 576 2549 contineatur
592 2496 680 2565 atque
695 2485 804 2563 coluat,
822 2493 852 2547 et
867 2485 1014 2546 ulceribus
1033 2487 1093 2546 oris

1 2595 2 2604 ι
87 2571 226 2649 gravibus
243 2589 378 2650 quaeque
393 2581 522 2651 serpunt.
557 2573 649 2632 uritur
664 2570 839 2632 carbonibus
855 2579 886 2630 ut
902 2569 1042 2631 chalcitis.

150 2656 234 2736 (31.)
250 2655 327 2734 blisy
342 2657 429 2737 aliqui
444 2656 624 2717 tradiderunt
639 2656 702 2716 lieri
717 2663 824 2716 exusto
838 2655 934 2735 lapide
950 2657 979 2715 in
994 2666 1134 2721 soro-121

1 2787 2 2820 ,
87 2740 192 2818 bibus,
217 2739 291 2802 flore
315 2743 378 2802 eius
405 2740 487 2802 luteo
512 2742 653 2801 miscente
677 2759 710 2802 se
737 2741 808 2820 ligni
835 2741 940 2820 pineae
965 2740 1092 2803 favillae.

1 2835 2 2864 t
57 2844 191 2892 crevere
207 2833 302 2886 autem
318 2845 335 2887 e
350 2843 437 2905 supra
454 2826 532 2886 dicto
551 2826 582 2886 lit
597 2825 709 2905 lapide,
734 2834 902 2886 concretum
920 2833 1021 2886 natura
1036 2826 1093 2886 dis·

88 2919 257 2990 cretumque
272 2911 318 2989 vi,
342 2919 488 2990 optumum
503 2911 533 2970 in
549 2907 723 2989 Cypriorum
736 2910 878 2987 cilicinis,
906 2911 987 2970 ouius
1003 2918 1091 2971 uotae

88 3003 153 3056 aunt
169 2995 249 3056 iriati
266 3013 374 3056 aureae
386 2994 531 3056 scintillae
544 3003 585 3071 et,
601 3013 666 3055 oum
682 3001 803 3072 teratur,
822 2993 966 3056 harenosa
981 2998 1091 3073 natura,

1 3085 2 3180 q
89 3079 133 3139 sin
149 3088 307 3159 torreatur,
320 3079 464 3140 chalcitidi
476 3079 589 3140 similis.
612 3077 674 3139 lloc
686 3079 843 3139 admiscent
856 3080 904 3158 qui
916 3097 1013 3140 aurum
1026 3097 1093 3158 pur·

1 3187 2 3218 l
89 3172 167 3241 gant.
191 3165 300 3226 utilitas
314 3166 376 3225 eius
390 3164 476 3225 inlusi
488 3182 551 3225 cum
566 3180 691 3225 rosaceo
702 3163 819 3224 auribus
837 3163 1000 3243 purulentis
1017 3173 1047 3225 et
1063 3167 1091 3225 in

58 3247 152 3312 nolana
167 3250 287 3329 inpositi
303 3250 406 3329 capitis
425 3248 583 3310 ulceribus.
619 3255 758 3308 extenuat
775 3257 805 3309 ct
821 3249 974 3310 scabritias
992 3248 1091 3310 oculo·

90 3351 150 3392 rum
165 3335 363 3412 inveteratas,
385 3334 545 3413 praecipue
559 3333 631 3394 utile
648 3332 774 3393 tonsillis
792 3342 953 3412 contraque
970 3334 1089 3411 anginas

90 3425 119 3477 et
139 3427 304 3498 suppurata.
338 3420 413 3479 ratio
436 3426 467 3476 ut
488 3417 622 3478 sedecim
637 3416 790 3479 drachmae
812 3419 842 3478 iu
859 3417 973 3479 hemina
994 3419 1069 3477 aceti
1083 3426 1134 3478 122
1215 3391 1218 3482 l

90 3511 248 3584 coquantur
270 3502 367 3564 addito
386 3502 472 3564 melle
495 3502 589 3563 donec
610 3501 762 3563 lentescat.
798 3503 841 3562 sic
856 3502 891 3562 ad
908 3519 996 3581 supra
1015 3500 1091 3559 dicta

1217 3233 1219 3274 l

1217 3275 1219 3282 ι

1216 3357 1218 3372 Ι
