2510 3898
285 244 365 292 unu.
377 241 470 292 ntsr.
486 243 606 292 xxxvi.
620 239 743 296 14-16.
759 230 912 313 (st-65.)
1045 234 1103 296 139

95 401 190 464 sterni
207 407 237 461 et
252 401 347 480 capita
359 417 457 462 earnm
468 402 591 481 praeligi
606 411 850 484 retorqueantur
866 410 896 464 et
909 403 1006 465 ruderi
1022 420 1100 464 novo

95 487 213 548 tertiam
234 494 346 565 partem
369 493 463 547 testae
482 496 584 549 tunsae
607 488 689 567 addi,
710 489 779 550 dein
795 487 884 549 rudus
905 491 934 549 in
950 507 1008 568 quo
1027 488 1101 550 duae

95 573 215 652 quintae
231 571 319 632 calcis
335 572 510 632 misceantur
525 571 621 652 pedali
633 574 825 636 crassitudine
839 573 989 635 lestucari.
1012 583 1081 634 tunc
1094 583 1143 641 181

94 655 202 717 nucleo
224 673 325 717 crasso
349 675 405 718 sex
427 657 538 735 digitos
558 658 654 720 induci
679 659 801 721 tessella
815 659 917 738 grandi
934 677 992 720 non
1008 661 1100 719 minus

74 741 154 802 salta
170 739 244 801 duos
258 741 367 820 digitos
382 743 465 819 strui,
483 741 630 821 fastigium
642 762 714 806 vero
727 747 840 805 servari
853 746 882 806 in
896 743 990 824 pedes
1007 744 1099 805 denos

95 827 269 890 sescunciae
291 844 325 887 ac
348 826 508 906 diligenter
536 835 606 889 cote
637 829 808 909 despumnri.
856 831 975 910 quernis
997 827 1101 889 axibus

95 911 295 990 contabulari,
321 913 388 992 qnia
403 920 594 992 torquentur,
612 915 713 976 inutile
728 923 846 994 putant,
864 917 950 975 immo
967 923 998 976 et
1011 913 1101 976 lelicc

94 1004 145 1058 aut
161 995 247 1076 palea
263 997 411 1059 substerni
432 996 537 1058 melius
557 1017 643 1078 esse,
666 1018 724 1079 quo
745 1001 839 1061 minor
859 1001 903 1060 vis
928 999 1017 1061 calcis
1035 1017 1101 1079 per-

93 1083 203 1144 veniat.
240 1084 437 1144 necessarium
458 1091 488 1143 et
510 1082 666 1162 globosum
684 1083 808 1165 lapidem
827 1084 927 1146 subici.
960 1083 1101 1145 Similiter

61 1168 166 1230 rodunt
183 1168 293 1247 spicata
307 1176 448 1230 testacea.

158 1251 241 1333 (63.)
257 1251 324 1315 Non
334 1253 550 1332 neglegendum
562 1261 609 1315 est
620 1256 774 1316 etiamnum
785 1273 870 1314 unum
883 1273 978 1334 genus
991 1254 1143 1320 lirae-188

93 1339 205 1402 canici:
227 1338 294 1399 solo
317 1339 464 1400 festucato
480 1340 597 1400 inicitur
610 1338 699 1400 rudus
714 1348 763 1401 aut
779 1345 940 1401 testaceum
953 1341 1099 1418 pavimen·

93 1435 171 1502 tum,
194 1423 263 1485 dein
285 1425 381 1503 spisse
399 1424 518 1485 calcatis
539 1425 715 1486 carbonibus
731 1424 875 1485 inducitur
893 1443 931 1484 ex
947 1424 1050 1485 sabulo
1069 1433 1099 1484 et

93 1510 176 1571 calce
195 1527 230 1570 ao
251 1509 349 1571 fauilla
369 1510 486 1587 mixtis,
514 1510 635 1571 materia
654 1508 848 1571 crassitudine
869 1508 1040 1588 semipedali
1064 1508 1099 1569 ad

60 1594 227 1674 rcregulam
245 1601 275 1656 et
289 1593 419 1657 libellam
434 1595 578 1674 exigitur,
601 1602 632 1656 et
649 1603 696 1655 est
712 1594 805 1656 lorma
821 1603 948 1655 terrena.
982 1594 1006 1654 si
1025 1610 1098 1654 vero

92 1689 164 1742 cote
181 1679 342 1759 depolitum
358 1688 420 1758 est,
438 1682 513 1759 nigri
529 1681 687 1760 pavimenti
703 1698 784 1741 usum
800 1681 925 1759 optinet.

157 1767 242 1846 (64.)
264 1764 445 1826 Lithostrota
468 1775 648 1844 coeptavere
671 1766 727 1826 iam
746 1765 800 1826 sub
823 1763 921 1843 Sulla,
948 1763 1078 1842 parvolis
1090 1772 1141 1830 189

92 1859 178 1912 certe
206 1851 313 1911 crustis
341 1859 437 1912 exstat
465 1849 611 1928 hodieque
638 1850 716 1932 quod
745 1852 775 1911 in
800 1849 948 1912 Fortunae
973 1847 1097 1910 delubro

92 1935 256 1997 Praeneste
270 1935 350 1996 iecit.
379 1935 463 2014 pulsa
475 1934 579 1996 deinde
592 1953 631 1996 ex
646 1935 732 1997 humo
747 1937 911 2015 pavimenta
925 1937 955 1996 in
969 1950 1097 1994 camaras

60 2022 239 2087 tetransiere
255 2039 272 2080 e
288 2022 382 2098 vitro,
404 2021 549 2082 novicium
563 2029 594 2082 et
609 2020 665 2082 boc
680 2022 835 2082 inventurn.
869 2021 1002 2100 Agrippa
1015 2026 1097 2080 certe

92 2109 125 2168 in
138 2105 259 2167 thermis
276 2123 347 2185 quas
363 2104 475 2166 Romae
495 2106 567 2167 iecit
589 2104 738 2184 llqulinum
754 2123 828 2185 opus
838 2102 988 2167 'encausto
1003 2103 1097 2182 pinxit

92 2195 124 2252 in
139 2190 253 2268 calidis,
272 2190 385 2270 reliqua
401 2190 514 2252 albario
530 2190 692 2270 adornavit,
707 2208 765 2251 non
780 2190 868 2252 dubie
883 2192 993 2250 vitreas
1007 2188 1097 2248 lactu·

92 2296 143 2338 rus
161 2293 306 2354 camaras,
329 2277 353 2336 si
376 2275 457 2354 prius
480 2277 628 2337 inventum
649 2275 678 2336 id
701 2276 807 2337 luisset
830 2284 878 2335 aut
899 2292 915 2334 a
935 2271 1096 2353 parietibus

94 2379 238 2439 scaenae,
254 2370 285 2421 ut
301 2361 441 2439 diximus,
457 2359 558 2421 Scauri
576 2361 765 2439 pervenisset
779 2362 809 2420 in
824 2376 960 2420 camaras.
996 2374 1092 2436 quam·
1105 2373 1140 2410 ¹1⁴

60 2446 243 2512 contenet
261 2447 328 2508 vitri
339 2453 441 2507 natura
455 2445 605 2506 indicanda
623 2453 678 2506 est.

159 2531 210 2593 26.
232 2532 317 2611 (65.)
336 2529 408 2592 Pars
424 2530 528 2609 Syriae
550 2547 624 2609 quae
642 2529 790 2591 Phoenice
813 2534 935 2587 vocatur
955 2525 1075 2585 finitima
1087 2533 1138 2590 190

4 2611 5 2616 ’
91 2617 219 2680 iudaeae
239 2618 314 2677 intra
336 2617 443 2676 montis
460 2614 585 2676 Carmeli
609 2613 724 2676 radices
746 2611 879 2692 paludem
904 2609 994 2672 habet
1019 2627 1094 2690 quae

91 2711 217 2765 vocatur
230 2698 387 2762 Candebia.
417 2720 455 2762 ex
469 2718 505 2762 ea
521 2699 650 2761 creditur
665 2700 743 2760 nasci
758 2697 847 2760 Belus
862 2698 952 2758 amnis
968 2697 1093 2775 quinque

91 2787 122 2850 bl
136 2805 217 2867 pass.
243 2787 339 2866 spatio
359 2787 390 2845 in
412 2804 493 2846 mare
513 2784 663 2864 perfluens
681 2787 761 2846 iuxta
782 2781 991 2844 Ptolemaidem
1013 2780 1094 2841 colo·

4 2879 5 2894 ¹
58 2875 179 2936 aoniam.
218 2871 316 2933 lentus
343 2869 390 2930 bic
416 2889 520 2949 cursu,
545 2869 695 2930 insaluber
715 2878 805 2948 potu,
836 2867 889 2928 sed
910 2866 1095 2927 caerimoniis

94 2975 196 3035 sacer,
217 2955 357 3033 limosus,
379 2954 452 3016 uado
468 2953 645 3033 profundus,
661 2955 791 3015 nonnisi
808 2953 911 3014 reluso
925 2951 996 3011 mari
1012 2949 1096 3010 hare·

93 3061 145 3104 nas
159 3043 285 3118 latetur,
311 3039 445 3100 ductibus
466 3040 543 3100 enim
557 3039 707 3100 volutatae
727 3041 874 3099 nitescunt
894 3035 1009 3097 detritis
1031 3051 1094 3095 sor-

94 3128 190 3189 dibus.
221 3135 290 3186 tunc
301 3133 332 3186 et
345 3127 457 3186 marino
471 3123 629 3186 creduntur
644 3123 786 3202 adstringi
796 3140 906 3198 morsu,
921 3137 980 3181 non
995 3121 1074 3199 prius
1088 3129 1136 3186 191

94 3212 191 3274 utiles.
231 3213 455 3292 quingentorum
477 3211 524 3271 est
541 3227 677 3290 passuum
699 3226 757 3269 non
773 3206 895 3287 amplius
917 3205 1013 3266 litoris
1030 3223 1094 3286 spa·

61 3299 181 3376 estium,
205 3297 294 3376 idque
314 3303 422 3357 tantum
441 3294 529 3357 multa
552 3313 606 3375 per
628 3293 745 3356 saecula
763 3291 910 3372 gignendo
931 3292 985 3352 fuit
1007 3292 1093 3350 vitro.

94 3384 168 3444 lama
184 3391 231 3444 est
244 3381 364 3462 adpulsa
376 3399 450 3442 nave
462 3387 655 3442 mercatorum
667 3379 754 3457 nitri,
771 3397 835 3440 cum
847 3378 941 3458 sparsi
957 3394 1011 3456 per
1025 3373 1094 3434 litus

4 3475 5 3494 ¹
95 3468 198 3548 epulas
213 3475 351 3548 pararent
374 3484 430 3528 nec
446 3474 528 3528 essct
548 3467 670 3527 cortinis
688 3463 856 3526 attollendis
871 3459 996 3541 lapidum
1012 3475 1095 3518 occa·

94 3556 159 3632 sio,
180 3553 303 3633 glaebas
321 3553 389 3613 nitri
407 3571 424 3613 e
441 3571 514 3614 nave
535 3550 716 3629 subdidisse,
742 3549 846 3629 quibus
863 3545 1013 3619 accensis,
1029 3556 1095 3618 per·
