2468 3896
282 262 362 308 mer.
383 261 470 308 ursa.
487 261 623 308 xxxrrn.
642 259 669 314 7.
684 259 711 312 8:
727 249 787 327 (ιε.
807 250 863 327 19.)
1029 249 1070 310 43

61 416 128 492 luit,
143 417 214 494 ipse
227 415 397 494 discipulum
409 416 507 477 habuit
519 413 683 477 Zeuxiaden
694 451 747 493 —,
763 414 866 476 cxxi.
881 413 1069 493 Eutychides,

62 497 282 577 Euthycrates,
302 499 446 580 Laippus,
474 497 707 578 Cephisodotus,
728 499 913 576 Timarchus,
934 499 1068 577 Pyromn-

65 583 147 644 chus.
184 580 321 645 Gessavit
339 583 442 646 deinde
462 603 528 661 ars,
550 602 582 645 ac
605 603 706 645 rursus
722 583 887 664 olympiade
906 581 1002 644 clvi.
1020 595 1110 649 rsa-52

65 668 150 744 vixit,
161 685 228 727 cum
240 669 323 729 luere
335 667 424 746 longe
437 668 551 749 quidem
562 669 635 728 inira
646 668 825 748 praedictos,
834 667 950 746 prohati
963 677 1068 745 tamen,

47 751 213 829 sAntaeus,
223 748 417 828 Callistratus,
426 753 573 830 Polycles,
587 752 767 830 Athenaeus,
776 749 1069 830 callixenus,Pytho·

65 834 135 895 cles.
163 833 208 896 lta
227 835 370 897 distinctis
387 836 644 898 celeberrimorum
658 837 801 898 aetatibus
820 838 942 914 insignis
958 838 1062 914 raptim
1075 847 1109 900 53

66 927 263 980 transcurram
270 920 381 998 reliqua
388 920 567 982 multitudine
579 922 686 999 passim
699 920 840 1000 dispersa.
853 939 964 981 venere
973 929 1068 980 autem

64 1003 92 1062 in
103 1012 259 1064 certamen
271 1003 468 1083 laudatissimi,
482 1021 649 1084 quamquam
666 1004 789 1066 diiersis
803 1005 947 1066 aetatibus
962 1007 1066 1082 geniti,

0 1149 1 1152 ,
66 1090 204 1165 quoniam
216 1088 348 1148 iecerunt
356 1087 530 1166 Amazonas,
541 1105 615 1168 quae
626 1106 689 1150 cum
701 1090 730 1149 in
742 1089 850 1168 templo
856 1087 1068 1167 DianaeEphe·

37 1173 125 1232 osiae
138 1171 320 1249 dicarentur,
332 1171 439 1251 placuit
454 1172 525 1251 eligi
537 1172 768 1251 probatissimam
782 1175 913 1252 ipsorum
927 1173 1066 1233 artiticum

64 1257 110 1334 qui
128 1264 309 1335 praesentes
327 1265 408 1317 erant
429 1257 555 1334 iudicio,
579 1274 642 1319 cum
662 1257 794 1335 adparuit
810 1275 872 1318 eam
894 1275 961 1318 esse
983 1274 1065 1335 quam

64 1357 167 1401 omnes
180 1339 336 1400 secundam
347 1358 363 1400 a
377 1359 428 1401 sua
440 1343 561 1420 quisque
573 1340 761 1402 iudicassent.
775 1341 848 1402 haec
859 1349 905 1401 est
917 1340 1065 1419 Polycliti,

63 1441 208 1502 proxuma
222 1424 257 1485 ab
270 1441 305 1486 ea
316 1424 446 1502 Phidiae,
454 1427 540 1486 tertia
551 1421 696 1502 Cresilae,
709 1433 808 1503 quarta
821 1421 961 1502 Cydonis,
969 1427 1065 1502 quinta

63 1507 267 1569 Phradmonis.
314 1509 356 1590 [l]
383 1508 498 1569 Phidias
526 1517 646 1589 praeter
673 1509 773 1569 lovem
794 1507 954 1586 Olympium
980 1517 1109 1585 quomod

36 1611 150 1657 anemo
179 1592 341 1654 aemulatur
363 1594 435 1654 iecit
456 1613 495 1654 ex
518 1592 611 1654 ebore
634 1611 729 1672 aeque
749 1592 909 1653 llineruam
929 1591 1065 1668 Athenis,

64 1695 139 1756 quae
163 1685 212 1737 est
235 1678 264 1736 in
278 1676 464 1739 Parthenone
484 1687 574 1739 stans.
613 1695 652 1739 ex
668 1696 738 1739 aere
757 1694 830 1737 vero
847 1684 966 1754 praeter
981 1675 1066 1738 Ama-

63 1780 170 1822 nouem
186 1779 276 1840 supra
291 1761 393 1822 dietam
406 1760 565 1823 hlinervam
588 1770 643 1822 tam
660 1763 783 1823 eximiae
799 1760 1019 1841 pulchritudinis
1035 1769 1066 1819 ut

63 1847 177 1906 iormae
194 1863 359 1924 cognomen
374 1847 530 1925 acceperit.
565 1847 636 1907 iecit
653 1855 683 1907 et
699 1845 857 1907 cliduchum
873 1854 903 1907 et
917 1844 1000 1905 aliam
1013 1843 1065 1904 tli-

64 1943 185 1990 nervam
210 1947 292 2009 quam
312 1929 423 1992 Romae
444 1929 549 1991 Paulus
571 1929 712 1992 Aemilius
739 1929 774 1991 ad
797 1930 898 1990 aedem
918 1928 1065 1990 Fortunae

36 2014 187 2076 mhuiusce
212 2014 269 2074 diei
292 2014 413 2092 dicavit,
434 2017 503 2076 item
521 2013 577 2076 duo
596 2015 677 2092 signa
694 2032 768 2093 quae
785 2012 904 2076 catulus
920 2019 948 2073 in
965 2012 1065 2076 eadem

65 2100 138 2160 aede
159 2098 279 2179 palliata
296 2107 327 2159 et
338 2099 459 2160 alterum
473 2099 641 2160 colossicon
656 2098 776 2177 nudum,
793 2100 960 2178 primusque
975 2106 1066 2159 artem

65 2185 236 2244 toreuticen
256 2185 408 2263 aperuisse
431 2192 518 2264 atque
541 2183 757 2244 demonstrasse
782 2184 887 2244 merito
912 2182 1063 2243 iudicatur.

64 2267 105 2350 12]
118 2266 284 2346 Polyclitus
297 2267 623 2347 Sicyoniusllageladae
636 2267 793 2347 discipulus
805 2267 1003 2328 diadumenum
1013 2267 1057 2328 lc·
1072 2277 1106 2332 56

64 2354 100 2413 cit
123 2351 259 2413 molliter
280 2355 414 2413 iuvenem
433 2361 547 2414 centum
569 2352 685 2414 talentis
709 2351 906 2430 nobilitatum,
933 2351 1009 2412 idem
1035 2360 1064 2410 et

35 2437 265 2516 adoryphorum
280 2437 406 2499 viriliter
421 2455 550 2517 puerum.
571 2437 653 2498 'iecit
668 2445 698 2496 et
713 2453 799 2515 quem
813 2452 923 2496 canona
937 2435 1064 2496 artilioes

63 2530 171 2582 vocant
187 2521 352 2582 liniamenta
368 2523 437 2582 artis
455 2540 493 2594 ex
509 2540 546 2598 eo
560 2528 698 2601 petentes
712 2520 803 2581 veluti
818 2539 833 2579 a
850 2519 918 2597 lege
934 2517 1063 2597 quadam,

0 2637 1 2670 r
64 2607 208 2685 solusque
223 2605 367 2667 hominum
383 2615 475 2666 artem
486 2608 578 2684 ipsam
593 2606 703 2666 iecisse
718 2606 788 2664 artis
806 2622 898 2683 opere
913 2603 1063 2663 iudicatur.

0 2717 1 2724 ¹
63 2691 134 2752 iecit
147 2699 178 2750 et
195 2689 425 2768 destringentem
437 2710 469 2751 se
485 2699 516 2750 et
531 2689 634 2750 nudum
649 2689 708 2752 talo
723 2691 918 2750 incessentem
933 2687 1064 2767 duosque

64 2793 176 2854 pueros
192 2776 263 2835 item
276 2773 369 2835 nudos
383 2775 448 2835 talis
466 2775 592 2835 ludentis
607 2776 656 2854 qui
670 2782 808 2835 vocantur
823 2771 1064 2852 astragalizontes

34 2869 93 2921 aet
110 2867 179 2920 sunt
196 2860 225 2918 in
241 2856 298 2918 Titi
315 2860 498 2939 imperatoris
515 2861 589 2920 atrio
607 2859 717 2919 -hoc
741 2875 833 2936 opere
856 2856 963 2918 nullum
981 2856 1065 2918 ahso-

63 2945 152 3005 lutius
173 2943 311 3023 plerique
332 2945 457 3006 iudicant
477 2979 535 3021 -,
555 2946 625 3004 item
642 2942 816 3004 lllercurium
839 2944 887 3022 qui
909 2942 963 3002 iuit
980 2940 1106 3018 Lysi-56

64 3028 203 3090 machaas
210 3071 221 3106 ,
250 3025 406 3090 herculem
431 3031 478 3108 qui
501 3027 613 3090 Romae
635 3027 776 3106 hagetera
795 3045 873 3088 arma
893 3035 1063 3105 sumentem,

65 3112 227 3174 Artemona
244 3115 293 3192 qui
309 3113 516 3194 periphoretos
532 3112 695 3192 appellatus
711 3120 765 3172 est.
789 3111 835 3173 hic
850 3129 1063 3174 consummasse

65 3195 136 3258 hane
149 3199 303 3259 scientiam
320 3197 461 3258 iudicatur
478 3206 507 3258 et
519 3199 684 3258 toreuticen
698 3197 741 3258 sic
757 3195 889 3258 erudisse
905 3205 936 3257 ut
950 3196 1064 3258 Phidias

35 3285 231 3360 naperuisse.
262 3284 412 3362 proprium
428 3283 490 3343 eius
507 3291 554 3343 cst
567 3299 624 3342 uno
641 3299 726 3343 crure
744 3289 776 3341 ut
792 3283 963 3343 insisterent
983 3283 1065 3357 signa

68 3369 273 3445 excogitasse,
293 3366 429 3447 quadrata
446 3375 541 3427 tamen
557 3385 625 3427 esse
643 3385 677 3426 ea
698 3367 738 3426 ait
757 3364 852 3426 Varro
876 3373 907 3425 et
923 3381 1016 3442 paene
1031 3360 1065 3422 ad

67 3451 241 3532 exemplum.
285 3452 329 3532 [3]
360 3451 512 3529 Myronem
532 3449 701 3512 Eleutheris
725 3458 821 3510 natum
845 3446 1011 3524 llageladae
1034 3444 1108 3503 etat

65 3536 157 3616 ipsum
180 3536 352 3615 discipulum
371 3536 474 3596 bucula
492 3553 622 3595 maxume
644 3535 808 3596 nobilitavit
829 3529 986 3592 celebratis
1001 3539 1067 3581 ver-
