2524 3910
142 239 200 300 180
245 251 274 298 c.
296 249 392 299 accur
411 251 561 299 secuunr
584 251 662 298 nur.
685 251 775 299 nisu.
797 252 929 299 xxxvu.
948 249 988 303 13.
1005 238 1061 316 (77.
1076 240 1138 316 78.)

140 410 334 485 excitatione,
350 425 501 468 servorum
517 409 677 485 exercitio,
693 425 847 486 corporum
863 406 1046 468 bumanorum
1060 407 1138 469 duri·

97 504 148 557 204
160 496 217 572 tia,
238 492 422 554 vehementia
443 492 550 552 cardis.
586 492 669 572 (78.)
691 491 799 552 Rerum
821 500 917 554 autem
938 493 1065 571 ipsarum
1080 510 1138 553 ma·

138 597 251 638 numum
276 585 322 638 est
350 578 472 656 pretium
500 577 621 637 inmari
646 579 823 637 nascentium
841 577 1022 654 margaritis,
1053 585 1139 638 extra

139 663 273 723 tellurem
303 659 466 738 crystallis,
505 662 579 722 intra
608 661 766 738 adamanti,
798 661 974 739 zmaragdis,
1004 664 1140 740 gemmis,

138 747 310 824 myrrhinis,
337 764 354 805 e
377 754 456 804 terra
476 764 549 807 veru
572 746 747 807 exeuntibus
774 747 804 805 in
825 762 934 821 cccco,
964 745 1080 822 lasere,
1109 748 1168 809 ins
1232 774 1235 783 ·

137 831 241 891 fronde
264 829 370 906 narde,
391 827 501 889 Sericis
522 832 674 906 vestibus,
698 831 727 889 in
748 829 854 890 arbore
872 831 963 907 citro,
982 832 1012 890 in
1031 832 1140 892 frutice

138 916 285 990 cinnamo,
307 915 402 992 casia,
423 931 552 994 amoma,
573 915 689 975 arboris
704 922 752 974 aut
766 915 878 974 fruticis
895 932 965 975 succ
979 917 1008 974 in
1024 916 1140 993 sucino,

139 999 346 1079 opobalsamo,
368 1016 480 1076 murra,
502 1007 584 1076 ture,
604 1002 633 1060 in
654 998 800 1074 radicibus
817 1007 910 1059 costo.
947 1018 985 1060 ex
1006 1000 1041 1059 iis
1062 1017 1141 1078 quae

121 1160 122 1164 Ἰ
139 1085 250 1163 spirare
267 1084 403 1144 convenit
425 1083 594 1143 animalibus
610 1086 639 1142 in
656 1091 733 1144 terra
750 1102 907 1143 maxumum
928 1082 1062 1145 dentibus
1078 1085 1142 1146 ele-

138 1168 327 1248 phantorum,
346 1169 374 1226 in
393 1169 462 1228 mari
482 1168 656 1229 testudinum
678 1169 798 1246 cortici,
818 1169 847 1227 in
870 1177 991 1246 tergore
1010 1168 1141 1248 pellibus
1156 1199 1189 1240 10

138 1271 208 1332 quas
225 1250 313 1312 Seres
329 1253 457 1312 iniciunt
473 1261 503 1312 et
519 1252 646 1314 Arabiae
663 1269 812 1332 caprarum
826 1251 897 1312 villo
915 1252 992 1330 quod
1008 1253 1142 1314 ladanum

97 1361 123 1402 u,
139 1360 161 1394 u
177 1337 361 1414 vocavimus,
383 1355 421 1397 ex
442 1338 477 1396 iis
494 1355 568 1416 quae
586 1346 702 1398 terrena
723 1345 753 1397 et
769 1338 856 1397 maris
874 1336 1049 1416 conchyliis,
1071 1355 1142 1417 pur·
1233 1346 1238 1355 '

137 1438 237 1499 purae.
270 1420 419 1481 volucrum
438 1430 557 1482 naturae
575 1432 693 1501 praeter
710 1439 801 1482 conos
822 1419 947 1482 bellicos
963 1431 992 1481 et
1009 1420 1141 1483 Gamma-

136 1524 243 1582 genum
262 1523 395 1565 anserum
414 1505 527 1585 adipem
541 1507 647 1567 nullum
664 1506 817 1567 adnotatur
830 1507 954 1583 insigne.
984 1525 1041 1567 non
1055 1525 1143 1586 prae-

138 1590 307 1650 tereundum
331 1598 376 1650 est
403 1608 473 1650 anrc
495 1592 573 1652 circa
604 1591 681 1671 quod
704 1608 805 1651 omnes
827 1590 967 1651 mortales
992 1593 1142 1652 insaniunt
1158 1623 1188 1664 15

138 1673 285 1734 decumum
301 1674 351 1735 vix
367 1694 434 1735 esse
450 1676 478 1735 in
494 1677 591 1754 pretio
607 1676 718 1754 locum,
736 1683 859 1752 argento
877 1693 950 1735 vero
966 1694 1023 1754 quo
1039 1694 1142 1737 aurum

138 1761 242 1819 emitur
255 1777 349 1837 paene
365 1760 562 1821 vicensimum.
1146 1755 1155 1764 ’

94 1853 146 1906 205
200 1842 304 1920 Salve,
324 1861 430 1922 parens
453 1862 548 1904 rerum
574 1845 697 1904 omnium
711 1842 838 1922 Natura,
860 1853 947 1922 teque
969 1845 1054 1905 nobis
1069 1843 1143 1918 Qui·

137 1928 232 1988 ritium
248 1927 321 1989 solis
336 1927 513 1988 celebratam
529 1949 597 1992 csse
611 1930 738 1990 numeris
756 1929 888 1989 omnibus
905 1931 960 1990 tuis
975 1931 1050 1991 fave.
