2468 3896
171 245 208 307 16
514 256 543 305 o.
560 257 657 305 emur
676 257 824 306 suounnr

169 413 288 488 sconio,
309 410 365 471 boc
389 421 434 471 est
455 420 532 472 terra
549 414 612 473 alba
628 413 728 474 similis
744 413 873 490 argillae.
908 428 1002 490 neque
1019 411 1094 470 enim
1110 409 1176 470 alia

126 506 162 562 70
173 495 265 555 ilatum
280 497 435 574 ignemque
451 505 480 556 et
496 498 644 558 ardentem
659 498 805 558 materiam
827 495 941 556 tolerat.
974 493 1072 554 Tertia
1088 495 1173 554 ratio

171 597 261 657 opera
287 581 390 639 vicerit
410 578 569 658 Gigantum.
614 581 752 642 cuniculis
771 597 826 659 per
849 597 950 655 magna
972 580 1064 657 spatia
1092 581 1173 638 actis

169 672 305 724 cavantur
321 673 435 724 montes
452 664 632 726 lucernarum
652 665 686 725 ad
704 664 817 724 lumina.
855 663 954 723 eadem
973 680 1108 722 mensura
1125 665 1173 721 ui·

168 737 299 824 gillardm
324 756 386 824 est,
410 749 563 827 multisque
587 749 734 810 mensibus
749 765 807 808 non
827 749 956 808 cernitur
971 747 1046 806 dies.
1084 744 1199 805 curru-⁵

168 833 231 908 gias
248 832 275 891 id
289 850 382 909 genus
399 843 520 909 vocant,
542 834 695 911 siduntque
716 835 805 892 rimae
827 832 924 891 subito
949 839 979 891 et
999 831 1172 908 opprimunt

170 923 325 993 operatos,
343 925 373 974 ut
388 919 441 976 ianr
458 919 557 976 minus
566 918 749 977 temerarium
764 917 897 976 uideatur
912 934 929 975 e
944 914 1090 994 profundo
1107 932 1172 973 ma·

169 1001 209 1059 ris
226 1007 330 1076 petere
345 1003 513 1077 margaritas
535 1011 622 1081 atque
637 1018 789 1080 purpuras.
819 1007 898 1059 tanto
916 1001 1104 1060 nocentiores
1122 999 1172 1058 le-

169 1084 258 1142 cimus
281 1084 389 1144 terras!
421 1084 623 1162 relinquentur
637 1087 734 1163 ltaque
750 1085 878 1144 fornices
894 1083 991 1144 crebri
1017 1083 1170 1143 montibus

127 1175 158 1232 71
173 1166 358 1230 sustinendis.
395 1179 547 1229 occursant
569 1171 738 1247 inutraque
756 1186 867 1246 genere
889 1167 998 1228 silices.
1026 1167 1080 1226 bns
1095 1168 1171 1244 igne
1185 1165 1214 1206 ¹⁰

170 1258 199 1310 et
216 1260 300 1310 aceto
326 1261 478 1330 rumpunt,
504 1256 618 1332 saepius
640 1271 730 1329 vero,
751 1253 885 1333 quoniam
905 1251 933 1312 id
952 1250 1101 1312 cuniculos
1116 1269 1171 1311 va·

168 1351 242 1411 pore
265 1343 294 1395 et
317 1336 395 1395 sumo
417 1338 595 1415 strangulat,
620 1337 742 1398 caedunt
757 1337 901 1397 fractariis
921 1334 966 1395 (lb
985 1335 1074 1395 libras
1092 1335 1170 1395 ferri

168 1417 358 1496 habentibus,
375 1430 556 1499 egeruntque
574 1424 680 1482 umeris
696 1421 829 1480 noctibus
845 1437 879 1480 ac
895 1420 999 1481 diebus
1013 1438 1069 1499 per
1083 1427 1171 1479 teue-

169 1503 236 1563 bras
253 1506 401 1582 proxumis
419 1505 586 1584 tradentes,
608 1506 703 1566 lucem
724 1506 873 1564 novissimi
890 1512 1022 1565 cernunt.
1061 1505 1085 1563 si
1102 1502 1170 1562 lon·

76 1581 79 1586 ’
168 1587 235 1664 gior
250 1588 365 1649 videtur
381 1589 478 1665 silex,
506 1590 581 1650 latus
605 1591 737 1668 sequitur
761 1590 860 1649 fossor
881 1589 1046 1668 ambitque,
1064 1595 1102 1647 et
1123 1595 1169 1647 ta·
1182 1586 1209 1626 ¹⁵

125 1679 160 1735 it
172 1687 236 1730 naen
252 1672 281 1730 in
298 1672 380 1734 silice
400 1673 514 1734 facilior
529 1674 711 1734 existimatur
733 1689 833 1752 opera.
872 1681 918 1732 est
939 1690 1060 1750 namque
1084 1681 1169 1733 terra

169 1772 207 1814 ex
219 1755 340 1833 quodam
353 1757 473 1834 argillae
488 1775 600 1835 genere
613 1757 712 1834 glarea
724 1758 811 1816 mixta
825 1791 859 1800 —
874 1757 1043 1834 gangadiam
1059 1764 1168 1816 vocant

167 1857 312 1918 -prope
328 1841 569 1920 inexpugnabilis.
594 1843 692 1901 cuneis
712 1860 773 1902 earn
788 1841 895 1901 ferreis
912 1840 1118 1919 adgrediuntur
1135 1849 1168 1900 et

168 1922 270 1983 iisdem
286 1924 409 2001 malleis,
427 1925 554 2004 nihilque
572 1925 670 1986 durius
687 1933 797 2004 putant,
813 1925 868 1985 nisi
884 1925 961 2005 quod
976 1926 1050 1985 inter
1069 1926 1166 1984 omnia

168 2009 229 2066 auri
249 2009 339 2068 tames
361 2008 510 2070 durissima
530 2018 585 2070 est.
624 2019 745 2089 peraeto
761 2026 853 2087 opere
876 2011 1007 2070 eervices
1023 2010 1204 2070 fornicumao

168 2091 203 2150 ab
225 2092 325 2152 ultimo
342 2093 455 2154 cadunt.
488 2095 535 2154 dat
550 2096 662 2173 signum
683 2096 781 2171 ruina,
803 2111 923 2172 eamque
945 2095 1026 2154 solus
1049 2092 1167 2154 intelle·

126 2184 161 2240 ta
171 2179 215 2253 git
235 2177 264 2235 in
286 2178 432 2237 cacumine
455 2179 518 2239 eius
537 2181 644 2241 montis
671 2178 753 2256 vigil.
786 2177 833 2238 bic
850 2195 942 2254 voce,
961 2179 1166 2238 nutu-evocari

166 2259 248 2319 iubet
263 2278 370 2339 operas
385 2263 552 2342 pariterque
572 2263 635 2341 ipse
652 2262 778 2324 devolat.
815 2279 897 2322 mons
913 2263 1020 2322 fractus
1036 2261 1112 2321 cadit
1126 2262 1165 2322 ab

168 2363 237 2404 sese
259 2344 347 2423 longe
368 2346 487 2424 fragore
515 2347 562 2425 qui
584 2347 698 2425 concipi
722 2346 841 2407 bumana
861 2355 957 2407 mente
979 2363 1036 2406 non
1057 2348 1165 2424 possit,

167 2446 242 2506 eque
270 2429 370 2490 efflatu
399 2431 560 2492 incredibili
588 2439 721 2509 spectant
746 2431 874 2491 uictores
901 2433 1009 2491 ruinam
1034 2438 1203 2491 naturaem

167 2531 221 2573 nec
237 2522 331 2574 tannen
346 2514 437 2574 adbuc
454 2534 552 2575 aurum
569 2524 632 2591 est,
653 2533 708 2575 nee
722 2517 819 2576 sciere
834 2534 921 2593 esse,
938 2533 1001 2576 curn
1016 2515 1165 2591 foderent,

168 2603 302 2674 tantaque
324 2598 358 2657 ad
379 2598 508 2676 pericula
530 2608 560 2658 et
583 2598 718 2676 inpendia
747 2601 817 2660 satis
837 2617 942 2660 causae
966 2601 1019 2660 luit
1040 2617 1164 2678 sperare

124 2681 247 2759 itquod
263 2691 414 2760 cuperent.
452 2681 523 2742 alius
542 2700 594 2761 par
615 2682 698 2743 labor
716 2701 749 2744 ac
769 2684 818 2744 uel
831 2685 947 2744 maioris
961 2683 1094 2762 inpendi;
1113 2682 1164 2743 llu-

166 2766 240 2826 mina
256 2764 291 2824 ad
306 2764 455 2826 lavandam
469 2765 541 2826 hanc
557 2768 665 2826 ruinam
688 2769 761 2846 iugis
782 2769 918 2829 montium
940 2767 1036 2831 obiter
1051 2767 1163 2828 duxere

166 2868 181 2908 a
197 2850 357 2909 centesimo
372 2849 541 2929 plerumque
557 2849 653 2929 lapide
674 2885 716 2896 -—
734 2870 877 2930 corrugos
896 2861 1017 2930 vocant,
1034 2871 1051 2913 a
1068 2854 1163 2912 couri·
1173 2871 1200 2912 ao

166 2935 283 2994 vatione
300 2935 388 2994 credo
403 2969 455 2996 ·-.
472 2935 550 2996 mille
566 2945 597 2996 et
613 2935 659 2996 bic
677 2937 811 2997 labores:
829 2955 972 3016 praeceps
992 2955 1061 2997 esse
1076 2936 1164 2998 libra-

167 3026 290 3078 mentum
307 3028 444 3097 oportet,
462 3027 492 3079 ut
507 3029 570 3080 ruat
588 3021 687 3080 verius
703 3038 785 3099 quam
800 3020 884 3099 lluat,
901 3022 997 3102 itaque
1015 3022 1161 3082 altissimis

166 3102 295 3181 partibus
309 3101 431 3164 ducitur.
456 3104 604 3165 convalles
617 3114 647 3165 et
662 3106 814 3166 intervalla
829 3106 1001 3167 substructis
1013 3105 1160 3167 canalibus

166 3188 330 3263 iunguntur.
366 3188 432 3249 alibi
451 3204 537 3268 rupes
557 3190 651 3250 inviae
675 3188 832 3251 caeduntur
853 3190 1010 3269 sedemque
1031 3190 1161 3251 trabibus

166 3272 273 3330 cavatis
296 3273 440 3349 praebere
462 3282 614 3350 coguntur.
654 3275 703 3352 qui
727 3276 820 3335 caedit
839 3275 954 3336 funibus
981 3275 1106 3355 pendet,
1130 3283 1196 3334 utas

166 3354 268 3431 procul
293 3357 414 3417 intuenti
435 3358 553 3435 species
576 3376 612 3418 ne
634 3358 760 3419 ferarum
780 3359 894 3437 quidem
915 3359 968 3420 sed
988 3359 1084 3419 alitum
1100 3358 1159 3419 liat.

123 3439 331 3518 inpendentes
347 3442 456 3502 maiore
476 3458 513 3500 ex
534 3449 617 3519 parte
644 3441 749 3502 librant
769 3452 799 3504 et
822 3443 905 3504 linias
929 3444 1024 3506 itineri
1039 3443 1162 3522 praedu-

165 3533 243 3601 eunt,
255 3541 368 3603 quaque
382 3524 542 3585 insistentis
556 3526 688 3604 uestigiis
701 3525 823 3588 bominis
836 3527 919 3588 locus
931 3545 988 3588 non
1001 3536 1047 3588 est
1061 3546 1160 3589 amnes
