2468 3896
292 257 377 306 uun.
392 255 485 306 uren.
500 257 625 305 xxxin.
645 255 688 308 ro.
705 255 750 308 ιι.
766 241 918 326 itt-su.)
1046 295 1053 318 ,.
1067 241 1107 336 ²?

79 412 257 474 Numantia
278 413 396 492 quidem
411 411 508 474 deleta
529 412 605 473 idem
621 412 775 474 Africanus
796 415 827 473 iu
849 413 992 491 triumpho
1013 411 1109 474 militi-

81 499 148 558 bus
168 495 203 558 X
215 510 268 558 vn
283 497 375 559 dedit.
409 513 426 556 o
444 498 525 557 viros
542 495 593 557 illo
612 499 791 576 imperatore
807 497 913 574 dignos
930 497 1034 576 quibus
1053 495 1109 556 hoe

85 585 169 642 satis
195 582 272 642 luit!
301 583 395 642 irater
419 583 481 642 eius
504 580 715 660 Allobrogicus
738 584 847 661 primus
870 583 994 642 omnium
1011 579 1109 660 ponde

85 667 179 728 mille
197 665 319 743 habuit,
335 676 364 726 at
380 666 491 727 Drusus
509 664 607 726 Livius
621 667 651 727 iu
672 667 818 728 tribunatu
837 665 937 745 plebei
952 664 990 726 X.
1026 683 1089 725 uam
1103 674 1151 728 iti

64 760 231 832 sprepter
253 753 380 829 quinque
403 750 500 829 pondo
520 759 649 810 notatum
677 752 887 812 acensoribus
910 748 1110 829 triumphalem

89 855 209 898 senem
226 835 393 895 fabulosum
408 837 462 894 iam
480 834 610 912 videtur,
626 837 696 896 item
713 833 814 896 Catum
831 834 964 910 Aelium,
987 852 1050 894 cum
1065 834 1107 894 le·

90 923 160 1000 gati
190 919 370 980 Aetolorum
389 921 419 979 iu
442 920 593 979 consulatu
617 920 805 999 prandentem
825 922 853 980 in
876 919 1012 980 lictilibus
1035 917 1109 979 adis·

93 1015 186 1082 seut,
213 1005 301 1064 missa
315 1004 351 1064 ab
373 1005 411 1064 iis
427 1019 494 1064 vasa
515 1014 654 1081 argentea
668 1021 726 1066 uon
739 1007 908 1083 accepisse,
923 1023 1020 1084 nequa
1034 1002 1111 1064 aliud

93 1090 248 1150 habuisse
264 1089 377 1166 argenti
401 1088 436 1149 ad
451 1105 614 1165 supremum
637 1092 714 1151 vitae
729 1089 806 1150 diem
825 1107 909 1168 quam
930 1087 987 1148 duo
1006 1087 1111 1168 pocula

59 1193 180 1253 requae
208 1171 240 1232 L.
265 1172 370 1232 Paulus
395 1190 481 1233 socer
502 1175 531 1233 ei
553 1173 591 1234 ob
614 1175 750 1234 virtutem
770 1175 886 1235 devicto
903 1173 1014 1234 Perseo
1037 1191 1110 1250 rege

93 1259 288 1320 donavisset.
312 1258 472 1317 invenimus
484 1256 599 1335 legates
612 1255 890 1337 Carthaginiensium
902 1258 1013 1318 dixisse
1027 1257 1089 1318 uul-
1104 1267 1154 1322 143

96 1344 148 1403 los
173 1343 324 1402 homiuum
349 1343 427 1402 iuter
452 1360 521 1402 sese
542 1342 697 1420 benignius
718 1345 820 1404 vivere
846 1361 930 1422 quam
953 1342 1109 1404 Romanos.

98 1428 217 1488 eodem
232 1428 309 1488 enim
325 1434 450 1504 argento
466 1426 540 1504 apud
560 1429 651 1487 omnis
667 1429 845 1488 cenitavisse
861 1429 954 1505 ipsos.
982 1436 1022 1503 at,
1039 1425 1110 1486 iler-

97 1512 205 1588 eules,
220 1510 391 1590 Pompeium
401 1510 549 1571 Paulinam
561 1512 745 1572 Arelatensis
762 1513 867 1590 equitis
883 1510 1005 1570 Romani
1024 1510 1111 1570 lilium

62 1619 87 1660 re
97 1607 290 1678 paternaque
308 1604 399 1674 genta
414 1595 546 1674 pellitum
565 1597 621 1662 iii
640 1596 738 1674 pondo
753 1598 867 1674 argenti
883 1594 1021 1656 habuisse
1037 1595 1111 1673 apud

100 1681 273 1743 exercitum
296 1681 489 1742 ferocissimis
512 1680 650 1757 gentibus
664 1683 830 1759 oppositum
846 1681 960 1740 scimus.
1006 1679 1154 1760 (51.)144

100 1768 301 1826 lectos.rero
328 1767 384 1824 iem
410 1764 521 1842 pridem
546 1763 705 1824 mulierum·
728 1773 807 1825 totos
834 1765 944 1843 operiri
976 1773 1111 1842 argento,

101 1849 251 1930 quaedam
267 1859 297 1909 et
317 1848 458 1925 triclinia,
481 1849 585 1926 quibus
603 1859 753 1926 argentum
767 1850 913 1910 addidisse
929 1851 1037 1927 primus
1056 1857 1110 1908 tra-

102 1937 188 1996 ditur
204 1932 348 1994 Carvilius
365 1932 459 1992 Pollio
482 1951 574 2012 equas
590 1933 752 2011 Romanus,
775 1953 834 1994 nou
856 1943 886 1994 ut
915 1935 1045 2013 operiret
1064 1942 1112 1992 aut

65 2042 92 2081 ae
102 2019 231 2080 Deliaca
247 2019 348 2097 specie
363 2018 485 2094 laceret,
501 2017 555 2078 sed
566 2017 717 2079 Punicana.
744 2019 843 2079 eadem
861 2027 891 2080 et
906 2036 1012 2079 aureos
1030 2019 1112 2094 lecit,

104 2123 163 2165 uec
192 2102 282 2162 multe
307 2110 376 2181 pest
396 2103 529 2178 argentei
545 2102 682 2163 Deliacos
702 2104 803 2164 imitati
821 2112 897 2164 suut.
930 2121 1002 2182 qnae
1019 2105 1112 2162 omnia

49 2234 52 2238 -
105 2189 243 2268 expiavit
257 2187 366 2248 bellurn
380 2187 467 2247 civile
484 2185 638 2248 Sullanum.

172 2272 256 2351 (52.)
276 2271 366 2332 Paulo
382 2274 458 2331 euim
472 2279 539 2330 aute
553 2271 625 2332 haec
635 2272 728 2332 iactae
741 2281 807 2332 sunt
818 2271 917 2332 lauces
930 2291 947 2332 e
959 2273 1091 2332 centenis
1106 2281 1154 2334 14⁵

106 2358 196 2418 libris
223 2357 356 2434 argenti,
386 2373 458 2433 quas
481 2364 548 2416 tuuc
568 2373 658 2433 super
679 2353 724 2415 GL
747 2373 867 2416 numero
888 2357 979 2416 luisse
1001 2353 1111 2424 Romae

68 2459 95 2499 us
107 2448 229 2503 constat
243 2439 409 2520 multosque
427 2439 464 2499 ob
480 2457 530 2500 eas
547 2442 730 2518 proscriptos
755 2438 824 2499 dolo
839 2440 1111 2516 concupiscentium.

107 2525 298 2587 Erubescaut
316 2523 435 2585 annales
457 2526 504 2603 qui
528 2523 637 2584 bellum
657 2523 744 2584 civile
766 2522 836 2582 illud
852 2522 957 2583 talibus
975 2524 1053 2582 vitiis
1073 2525 1114 2582 iu·

108 2619 265 2691 putavere.
294 2617 395 2669 nostra
410 2617 490 2668 aetas
505 2609 611 2668 fortior
626 2608 689 2667 luit.
713 2605 813 2667 Claudi
830 2609 992 2686 principatu
1008 2625 1113 2668 servos

108 2698 177 2758 eius
191 2693 373 2754 Drusilianus
391 2695 506 2752 nomine
522 2691 689 2770 Rotundus,
705 2693 890 2770 dispeusator
905 2691 1060 2771 Hispaniae
1076 2695 1114 2752 ci-

108 2780 245 2854 terioris,
264 2778 481 2855 quingenariam
495 2777 606 2836 laucem
620 2776 720 2837 hahuit
738 2778 783 2837 cui
798 2777 981 2838 fabricandae
999 2778 1113 2838 officina

73 2867 195 2945 seprius
214 2863 405 2924 exaedificata
419 2863 515 2923 iuerat
531 2869 561 2922 et
576 2863 697 2921 comites
714 2863 777 2922 aius
796 2871 863 2922 octo
879 2858 1114 2936 succurreres,

110 2963 224 3029 quaeso
242 2955 375 3027 utquam
390 2945 471 3006 multi
488 2964 539 3006 aas
559 2947 694 3006 conservi
714 2947 777 3006 eius
800 2947 960 3022 iulerreut,
983 2955 1031 3005 aut
1053 2946 1114 3025 qei-

110 3034 168 3094 leus
190 3028 383 3092 cenantibus?
418 3028 573 3090 Cornelius
594 3029 696 3108 Nepos
722 3031 809 3090 tradit
839 3039 905 3090 ante
928 3029 1026 3091 Sullae
1054 3031 1095 3089 vi·
1108 3039 1158 3094 146

111 3119 235 3178 ctoriant
252 3117 308 3176 duo
325 3124 433 3176 tautum
452 3114 701 3185 tricliniallomae
718 3116 810 3176 luisse
830 3122 987 3192 argentea,
1002 3116 1116 3193 reposi-

113 3203 202 3261 toriis
221 3209 373 3278 argentum
392 3199 456 3261 addi
472 3217 524 3258 sua
544 3201 684 3260 memoria
706 3208 860 3278 coeptum,
882 3199 1051 3260 Fenestella
1067 3200 1115 3278 qui

77 3287 190 3348 ssobiit
205 3287 365 3347 novissimo
380 3284 481 3345 Tiberi
501 3281 637 3344 Caesaris
661 3286 823 3362 principatu
845 3285 885 3343 ait
907 3292 937 3343 et
953 3283 1117 3344 testudinea

5 3419 6 3442 p
115 3380 175 3430 tum
197 3372 227 3429 in
249 3388 329 3430 usum
351 3371 489 3445 venisse,
512 3377 580 3428 ante
603 3389 635 3429 se
661 3377 756 3428 autem
773 3367 860 3447 paulo
876 3368 975 3445 lignea
995 3366 1117 3428 rotunda

5 3451 7 3520 l
116 3455 211 3516 solida
232 3473 287 3515 uec
308 3454 399 3514 multo
421 3454 530 3513 maiora
553 3471 636 3532 quam
661 3471 775 3513 mensas
803 3454 912 3529 luisse,
944 3471 976 3512 se
1002 3451 1117 3530 quidem

5 3533 6 3574 ³
117 3556 212 3618 puero
235 3539 374 3617 quadrata
397 3545 428 3598 et
449 3547 589 3616 conpacta
611 3546 660 3598 aut
674 3555 761 3597 acere
781 3545 883 3616 operta
898 3544 946 3598 aut
962 3537 1036 3594 citro
1051 3551 1118 3592 coe·
