2510 3898
138 203 197 266 152
480 213 509 262 c.
526 214 620 262 amru
636 213 785 264 ssuuuor
884 213 892 232 ·

137 371 271 451 quoniam
287 371 415 432 invideat
426 370 545 431 homini.
574 389 642 431 esse
657 378 753 432 autern
767 368 881 449 qualem
893 369 922 428 in
934 368 1040 428 sucinis
1055 367 1138 432 colo.-

93 469 128 524 53
140 475 202 517 rem
218 458 335 534 igneum
350 455 517 536 scalpique,
535 471 591 516 nac
606 454 677 516 lolia
691 462 798 516 tautum
814 461 862 513 aut
877 461 1032 514 stramenta
1049 452 1084 512 ad
1102 472 1137 514 se

134 559 241 621 rapere
261 541 314 602 sed
335 541 413 601 aeris
435 541 521 602 etiam
540 557 574 599 ae
593 539 664 600 ierri
686 539 793 600 lamnas
816 538 894 618 quod
908 536 1004 598 Diocli
1026 537 1137 598 cuidam

137 624 357 705 Theophrastus
369 643 486 705 quoque
499 624 599 686 credit.
618 641 676 702 ego
689 622 792 684 lalsum
803 621 833 685 id
844 631 933 683 toturn
944 621 1072 683 arbitror
1082 639 1139 684 neo

136 712 225 771 visam
237 710 266 770 in
281 726 356 770 aevo
369 717 470 770 nostro
483 725 624 787 gemmam
635 708 721 768 ullam
737 725 772 769 ea
786 707 983 786 appellatione
997 715 1039 784 et,
1059 705 1162 786 quode

136 794 173 855 de
188 794 329 854 medicina
344 794 428 855 simul
444 793 592 872 proditur,
609 792 738 857 calculos
753 793 871 853 vesicae
884 799 956 870 poto
972 808 1009 852 eo
1025 790 1093 852 elidi
1106 799 1138 852 et

136 878 238 939 morbo
251 879 336 956 regio
348 879 496 954 succurri,
512 879 536 938 si
550 896 589 938 ex
603 879 672 938 virro
685 876 800 938 bibatur
814 884 862 937 aut
874 883 1026 955 spectetur
1040 877 1136 937 etiam.

93 975 128 1029 54
201 957 282 1041 (Μ’.)
297 960 380 1022 Nunc
400 980 575 1040 gemmarum
589 962 726 1023 confessa
744 979 856 1039 genera
873 961 999 1021 dicemus
1020 959 1055 1020 ab
1077 959 1138 1019 lau·

136 1046 291 1107 datlssimis
310 1047 382 1117 orsi,
398 1061 454 1104 uec
468 1060 541 1104 vero
557 1043 585 1103 id
603 1044 695 1104 solum
710 1061 841 1116 agemus,
856 1041 1010 1105 sedetiam
1026 1044 1138 1104 maiore

136 1130 262 1190 utilitate
276 1131 355 1192 vitae
378 1129 477 1192 obiter
494 1146 685 1207 coarguemus
702 1127 854 1208 Magorum
871 1126 1013 1190 infandam
1028 1129 1181 1189 nauita-ro

138 1223 205 1292 tem,
223 1214 335 1292 quaudo
351 1215 399 1276 vel
415 1215 544 1294 pluruma
558 1214 600 1275 illi
616 1213 773 1292 prodidere
787 1213 824 1275 de
836 1215 958 1292 gemmis
970 1212 1006 1274 ab
1021 1212 1138 1274 medici·

136 1317 191 1359 nae
207 1298 393 1360 blandissima
408 1301 509 1379 specie
526 1298 561 1360 ad
577 1299 710 1378 prodigia
726 1299 911 1377 transgressi.

94 1397 127 1450 55
200 1385 229 1444 4.
246 1384 329 1463 (15.)
351 1381 513 1445 Maxumum
534 1385 563 1443 in
583 1383 672 1445 rebus
694 1383 840 1460 humanis,
868 1400 926 1445 non
947 1382 1041 1444 solum
1061 1383 1138 1444 inter

135 1486 280 1546 gemmas,
302 1470 426 1548 pretium
446 1468 535 1529 hahet
555 1468 669 1528 adamas
692 1468 739 1528 diu
763 1485 821 1529 non
839 1469 894 1528 nisi
910 1467 1031 1545 regibus
1050 1474 1081 1528 et
1100 1468 1138 1526 iis

136 1551 286 1612 admodum
300 1555 399 1631 paucis
417 1555 562 1631 cognitus.
585 1555 625 1614 ita
640 1551 841 1632 appellabatur
855 1552 916 1612 auri
932 1552 1023 1612 nodus
1036 1552 1065 1612 in
1078 1569 1138 1612 me·
1148 1568 1177 1609 rs

137 1636 213 1698 tallls
231 1646 368 1715 repertus
387 1655 524 1716 perquam
546 1655 631 1714 raro,
653 1654 751 1697 comes
773 1655 860 1712 auro,
883 1655 937 1696 uec
951 1637 1006 1697 nisi
1022 1637 1050 1696 in
1066 1652 1138 1696 auro

137 1722 215 1781 nasci
231 1720 393 1783 videbatur.
425 1719 554 1781 Veteres
573 1722 681 1781 eumin
698 1720 875 1799 Aethiopum
889 1719 1013 1782 metallis
1031 1729 1139 1782 tantum

136 1806 261 1866 inveniri
279 1805 485 1866 existimavere
501 1807 578 1865 inter
593 1804 743 1865 delubrum
754 1803 879 1866 Mercuri
896 1812 926 1865 et
942 1805 1062 1865 insulam
1077 1802 1139 1866 lte-

137 1905 228 1966 roen,
243 1888 436 1968 dixeruntque
450 1906 509 1949 nou
524 1888 693 1967 ampliorem
704 1891 829 1950 cucumis
845 1890 957 1952 semine
973 1897 1021 1950 aut
1035 1888 1138 1952 colore

93 1983 128 2038 56
139 1972 307 2034 dissimilem
318 1974 451 2035 inveniri.
479 1991 553 2033 nunc
566 1974 685 2052 primum
697 1991 809 2053 genera
820 1975 884 2035 eius
898 1993 952 2034 sex
963 1983 1137 2034 noscuntur:
1149 1993 1181 2038 ao

136 2054 225 2118 ludici
242 2075 300 2118 non
316 2059 346 2117 in
361 2075 431 2118 auro
447 2067 601 2118 nascentes
621 2066 652 2118 et
669 2059 788 2137 quadarn
805 2058 935 2136 crystalli
951 2059 1139 2136 cognatione,

137 2141 279 2220 siquidem
294 2149 324 2202 et
340 2141 443 2203 colore
459 2141 601 2203 tralucido
616 2160 674 2203 non
688 2142 842 2219 differunt,
858 2152 888 2203 et
898 2143 1021 2204 laterum
1036 2160 1140 2204 sexan-

136 2226 205 2304 gulo
223 2226 325 2288 levore
342 2226 479 2288 turbinati
493 2228 522 2287 in
537 2245 705 2289 mucronem
720 2247 737 2288 e
753 2227 863 2288 duabus
879 2228 1033 2289 contrariis
1050 2228 1139 2305 parti·

136 2310 207 2387 bus,
228 2327 286 2390 quo
302 2312 393 2389 magis
409 2312 560 2389 miremur,
583 2319 613 2373 ut
630 2314 654 2372 si
672 2311 730 2372 duo
752 2311 883 2376 turbines
907 2312 1055 2372 latissimis
1077 2313 1139 2372 suis

136 2395 266 2475 partibus
282 2397 450 2474 iungantur,
469 2396 664 2474 magnitudine
678 2414 751 2458 raro
770 2397 857 2457 etiam
872 2396 997 2458 abellani
1013 2395 1137 2457 nuculel.
1149 2419 1181 2461 as
1252 2409 1253 2458 ἵ

135 2480 237 2540 similis
253 2488 300 2540 est
315 2479 381 2541 huic
396 2480 540 2558 Arabius,
555 2482 649 2541 minor
665 2489 788 2559 tantum,
807 2481 940 2542 similiter
957 2489 988 2541 et
1002 2499 1138 2560 nascens,

135 2565 243 2625 ceteris
266 2564 361 2644 pallor
385 2567 499 2643 argenti
524 2574 554 2626 et
582 2567 611 2625 in
632 2583 703 2626 auro
727 2583 784 2626 uon
811 2566 865 2627 uisi
888 2564 1138 2627 excellentissimo

92 2657 125 2712 57
138 2647 251 2708 natalis.
294 2648 445 2709 incudibus
481 2649 510 2710 hi
546 2649 764 2730 deprenduntur
793 2651 832 2712 lta
861 2657 1038 2729 respuentes
1063 2651 1138 2710 ictus

135 2740 166 2790 nt
179 2732 288 2792 lerrnrn
310 2738 454 2810 utrimque
475 2737 628 2810 dissultat,
646 2735 765 2794 incudes
790 2736 872 2814 ipsae
886 2737 972 2796 etiam
984 2733 1138 2795 dissiliant.

136 2816 244 2894 quippe
260 2814 364 2876 duritia
381 2816 584 2878 inenarrabilis
600 2826 664 2896 est,
683 2818 826 2898 simulque
843 2820 952 2897 ignium
967 2819 1075 2879 victrix
1088 2837 1138 2880 na·
1150 2839 1181 2882 ae
1249 2881 1251 2898 Α

135 2908 198 2961 tura
212 2908 242 2960 et
252 2918 403 2979 numquam
414 2901 605 2963 incalescens.
633 2901 755 2964 undeet
772 2920 877 2964 nomen
892 2904 1139 2981 interpretatione
1249 2905 1251 2980 ζ

135 2983 247 3045 Graeca
262 2983 399 3045 indomita
416 2986 461 3045 vis
477 2987 599 3065 accepit.
639 3005 724 3047 unum
744 3006 783 3048 ex
803 2989 840 3049 iis
855 2997 962 3049 vocant
978 2987 1138 3065 cenchron,
1249 2983 1251 3030 Ἰ

134 3068 193 3128 mili
216 3069 419 3146 magnitudine.
461 3068 583 3131 alterurn
606 3069 808 3133 Macedonium
828 3074 858 3133 in
880 3071 1044 3151 Philippico
1066 3089 1138 3134 auro
1249 3069 1251 3126 ἶ

93 3163 126 3218 58
137 3161 303 3231 repertum,
327 3154 374 3214 hic
401 3163 447 3216 est
469 3156 594 3216 cucumis
616 3157 720 3218 semini
742 3175 803 3237 par.
841 3167 910 3236 post
933 3157 987 3217 hos
1011 3154 1138 3236 Cyprius

134 3244 254 3297 vocatur
275 3237 305 3297 iu
327 3235 426 3318 Cypro
447 3248 602 3320 repertus,
633 3260 761 3319 vergens
789 3241 824 3302 ad
850 3258 968 3302 aereum
993 3240 1178 3319 colorans
1248 3239 1250 3292 ἕ

103 3341 124 3376 er
137 3319 190 3382 sad
204 3322 234 3381 in
245 3319 357 3383 medica
372 3325 417 3402 ri,
434 3323 470 3385 de
485 3343 541 3403 qua
554 3323 699 3404 dicemus,
717 3326 944 3387 efficacissimus.
975 3334 1044 3404 post
1064 3324 1140 3386 hunc

135 3405 272 3466 siderites
288 3405 380 3467 lornei
390 3408 575 3487 splendoris,
591 3409 722 3488 pondere
737 3419 805 3471 ante
817 3418 954 3488 ceteros,
970 3408 1022 3471 sed
1036 3417 1139 3471 natura
1247 3399 1250 3476 ,f

133 3489 290 3550 dissimilis.
332 3509 396 3552 nam
417 3500 446 3552 et
465 3492 570 3554 ictibus
587 3495 683 3573 frangi
704 3502 734 3555 et
749 3494 807 3555 alio
822 3494 972 3555 adamante
990 3494 1138 3574 perforari
1247 3507 1249 3578 ι
