2510 3898
148 217 207 278 146
235 221 237 226 ’
491 223 632 272 c.rc1u1
649 221 799 271 sncunnr

145 383 305 462 praeludit,
338 387 424 443 etiam
445 379 557 441 Neroni
579 380 649 438 satis
668 371 746 441 erat.
787 376 846 437 vidi
871 385 938 436 tunc
963 375 1144 438 adnumerari

146 470 228 527 unius
241 468 342 548 scyphi
357 468 440 528 fracti
458 463 604 539 membra,
620 480 693 542 quae
707 464 737 521 in
748 461 897 537 dolorem,
913 460 1021 537 eredo,
1033 460 1142 521 saeculi

144 551 337 630 invidiamque
356 551 502 612 Fortunae
525 556 666 625 tamquam
686 545 845 606 Alexandri
867 544 964 623 hlagni
986 562 1093 625 eorpus
1114 548 1144 606 in

102 645 137 700 ιο
148 637 312 697 conditorio
336 635 496 696 servarint
517 639 736 692 ostentarentur
755 630 899 710 placebat.
935 628 966 690 Τ.
989 629 1144 690 Petronius

145 720 306 781 consularis
326 721 483 779 moriturus
512 715 618 776 invidia
638 714 766 776 Neronis
796 723 828 775 ut
853 731 980 774 mensam
1004 715 1068 774 eius
1095 733 1173 777 aas

144 804 318 882 heredaret‚
341 795 455 863 tr'ullam
469 799 641 878 myrrhinam
659 797 713 860 llS.
730 800 799 867 o‘c'c'
815 807 939 877 emptam
959 798 1068 876 fregit,
1092 798 1145 858 sed

144 887 243 966 Nero,
267 896 297 947 ut
318 907 370 967 par
392 894 455 946 erat
474 885 653 964 principem,
674 886 746 944 vicit
767 885 858 942 omnis
879 881 934 942 Hs.
950 878 990 966 ΙῖΙ
1014 883 1145 962 capidem

145 991 227 1032 unam
242 973 380 1051 parando.
406 969 589 1030 memoranda
605 988 654 1030 res
668 971 738 1028 tanti
754 971 961 1046 imperatorem
976 975 1146 1046 patremque

145 1059 256 1135 patriae
274 1054 400 1116 bibisse!
1210 1126 1212 1128 Ι

103 1153 134 1205 21
214 1141 274 1222 (8.)
296 1140 401 1201 Oriens
425 1137 570 1216 myrrhina
597 1139 692 1197 mittit.
741 1137 924 1196 inveniuntur
949 1136 989 1196 ibi
1013 1135 1185 1214 pluribusne

144 1225 218 1286 locis
230 1244 285 1286 nee
297 1224 476 1302 insignibus,
489 1240 619 1282 manume
630 1220 757 1282 Parthici
770 1222 870 1298 regni,
883 1223 1039 1300 praecipua
1051 1228 1147 1280 tamen

144 1309 174 1369 in
191 1307 348 1370 Carmania.
368 1324 509 1368 'umorem
524 1307 577 1368 sub
599 1315 677 1367 terra
697 1315 798 1386 putant
814 1305 913 1366 calore
929 1304 1054 1367 densari.
1090 1322 1148 1364 am-

145 1393 286 1474 plitudine
313 1399 466 1472 'numquam
496 1408 603 1471 parvos
632 1391 776 1451 excedunt
799 1389 923 1466 abacos,
954 1387 1147 1450 crassitudine

144 1495 211 1539 raro
229 1487 334 1558 quanta
353 1478 429 1538 dicta
444 1485 516 1536 sunt
528 1477 653 1554 potoria.
687 1474 827 1554 splendor
842 1483 888 1535 est
904 1477 939 1535 iis
955 1476 1018 1534 sine
1035 1473 1147 1534 viribus

144 1565 282 1642 nitorque
295 1564 392 1623 verius
405 1579 489 1640 quam
503 1560 652 1639 splendor.
668 1560 721 1620 sed
731 1562 761 1619 in
770 1561 867 1638 pretio
879 1561 1006 1620 varietas
1016 1557 1148 1619 colorum
1157 1581 1185 1623 ιε

145 1648 268 1708 subinde
284 1644 546 1723 circumagentibus
564 1663 597 1704 se
619 1643 738 1704 maculis
759 1646 788 1703 in
809 1662 963 1725 purpuram
979 1642 1147 1704 candorem-

146 1750 203 1810 que
221 1740 251 1790 et
266 1733 382 1791 tertium
400 1748 438 1790 ex
456 1737 598 1807 utroque,
620 1731 791 1806 ignescente
812 1728 903 1789 veluti
920 1746 975 1808 per
995 1728 1148 1787 transitum

103 1828 136 1880 22
148 1815 258 1876 coloris
280 1831 406 1894 purpura
424 1822 473 1873 aut
488 1813 665 1874 rubescente
682 1813 788 1874 lacteo.
826 1821 891 1872 sunt
908 1814 955 1891 qui
970 1830 1102 1872 maxume
1117 1813 1147 1871 in

145 1901 181 1959 iis
203 1898 321 1960 laudent
350 1899 552 1958 extremitates
581 1907 610 1958 et
632 1897 771 1976 quosdam
798 1897 929 1958 colorum
953 1914 1146 1975 repercussus

147 1982 247 2062 quales
264 1985 293 2043 in
309 1983 431 2043 caelesti
447 1999 514 2042 arcu
530 1990 700 2062 spectantur
712 1984 769 2042 imi.
796 1981 859 2041 aliis
878 1983 1001 2060 pingues
1018 1979 1185 2059 placentas

145 2101 189 2116 -
212 2068 358 2128 tralucere
378 2069 529 2145 quicquam
558 2075 606 2126 aut
630 2066 742 2145 pallere
764 2067 863 2126 vitium
888 2075 933 2126 εει
957 2099 995 2112 -
1017 2067 1146 2144 itemque

145 2150 223 2212 sales
245 2169 447 2230 verrucaeque
469 2169 526 2210 non
549 2153 710 2211 eminentes
733 2150 785 2211 sed
806 2158 837 2209 ut
857 2153 887 2210 in
908 2167 1036 2229 corpore
1060 2151 1147 2210 etiam

144 2235 315 2315 plerumque
331 2235 464 2296 sessiles.
497 2234 592 2313 aliqua
609 2243 638 2296 ει
653 2237 682 2295 in
699 2234 790 2296 odore
807 2235 1017 2296 commendatio
1034 2241 1088 2294 est.
1138 2281 1140 2286 .

99 2333 137 2386 ‘23
211 2320 272 2402 (9.)
289 2318 442 2381 Contraria
457 2319 523 2379 huin
537 2337 624 2380 causa
640 2319 807 2397 crystallum
822 2320 892 2380 iacit
905 2318 975 2397 gelu
990 2317 1146 2380 vehemen-

145 2408 222 2467 tiore
239 2414 389 2466 concreto.
412 2422 469 2466 non
481 2404 569 2464 aliubi
590 2412 672 2464 certe
687 2406 834 2482 reperitur
852 2422 936 2482 quam
950 2403 999 2463 ubi
1014 2420 1145 2464 maxume
1155 2421 1183 2470 at

144 2491 285 2550 hibernae
308 2491 390 2549 nives
417 2489 531 2566 rigent,
556 2487 737 2566 glaciemque
762 2507 831 2550 esse
852 2497 962 2550 eertum
981 2495 1044 2562 est,
1068 2487 1145 2549 unde

145 2593 249 2634 nomen
267 2573 370 2633 Graeci
387 2572 506 2632 dedere.
540 2573 639 2633 oriens
660 2581 690 2633 et
704 2573 777 2633 hanc
793 2575 897 2650 mittit,
921 2574 1056 2651 quoniam
1070 2571 1145 2632 Indi·

144 2675 196 2718 cae
222 2656 299 2716 nulla
320 2657 496 2736 praefertur.
533 2659 660 2717 nascitur
684 2666 714 2718 et
735 2659 765 2717 in
788 2656 879 2736 Asia,
905 2657 1046 2718 vilissima
1068 2656 1144 2716 eirca

112 2740 294 2802 ‘Alabanda
323 2750 353 2801 et
377 2739 542 2802 Orthosiam
570 2742 773 2820 finitimisque,
803 2743 873 2802 item
894 2743 924 2801 in
946 2739 1061 2820 Cypro,
1091 2740 1146 2801 sed

101 2837 135 2889 ‘ta
148 2824 261 2886 laudata
285 2827 315 2884 in
337 2823 456 2904 Europa
481 2825 598 2907 Alpium
621 2827 706 2904 iugis.
743 2826 813 2887 luba
841 2835 942 2887 auctor
962 2827 1056 2887 estin
1077 2843 1183 2903 qua-sq

145 2911 207 2972 dam
223 2909 315 2970 insula
330 2909 422 2970 Rubri
437 2911 523 2971 maris
539 2919 605 2970 ante
621 2909 758 2971 Arabiam
774 2914 828 2972 sita
843 2912 922 2971 nasci
938 2929 1013 2988 quae
1025 2908 1145 2970 Necron

143 3003 282 3070 vocetur,
304 2996 379 3055 etin
396 3012 521 3074 eaquae
539 2995 618 3054 iuxta
636 3013 776 3073 gemmam
799 3005 934 3074 topazum
950 2995 1043 3072 ierat,
1064 2994 1145 3054 cubi-

145 3079 288 3156 talemque
312 3077 448 3140 effossam
470 3098 486 3139 a
505 3078 670 3157 Pythagora
688 3079 849 3140 Ptolemaei
872 3081 953 3156 regis
978 3079 1144 3157 praefecto,

145 3161 299 3224 Cornelius
314 3162 446 3224 Bocchus
462 3172 493 3223 et
510 3164 540 3222 in
550 3161 697 3224 lusitania
714 3182 851 3244 perquam
866 3163 986 3224 mirandi
1002 3162 1143 3241 ponderis

143 3250 173 3307 in
197 3246 418 3308 Ammaensibua
449 3248 543 3325 iugis,
578 3247 727 3327 depressis
756 3248 792 3310 ad
821 3248 1022 3309 libramentum
1051 3266 1180 3326 aquae-aa

100 3343 134 3396 25
147 3333 253 3411 puteis.
282 3332 339 3393 hoc
349 3333 465 3410 mirum,
485 3332 561 3410 quod
573 3331 757 3394 Xenocrates
770 3332 916 3412 Ephesius
931 3331 1031 3410 tradit,
1046 3342 1142 3392 aratro

144 3419 173 3477 in
196 3416 267 3476 Asia
290 3424 320 3476 et
343 3414 441 3494 Cypro
466 3418 603 3494 excitari,
627 3436 685 3479 non
712 3419 787 3478 enim
808 3417 934 3496 reperiri
958 3418 987 3475 in
1011 3425 1144 3493 terreno,

143 3519 199 3562 nec
214 3501 269 3560 nisi
284 3501 361 3560 inter
377 3501 470 3561 cautis
485 3502 624 3562 creditum
639 3503 743 3563 iuerat.
771 3501 891 3562 similius
910 3502 973 3561 veri
988 3509 1046 3578 est,
1066 3499 1145 3578 quod
